<?xml version="1.0" encoding="UTF-8"?><?xml-stylesheet type='text/xsl' href='/webservices/catalog/xsl/searchRetrieveResponse.xsl'?><searchRetrieveResponse xmlns="http://www.loc.gov/zing/srw/" xmlns:oclcterms="http://purl.org/oclc/terms/" xmlns:dc="http://purl.org/dc/elements/1.1/" xmlns:diag="http://www.loc.gov/zing/srw/diagnostic/" xmlns:xsi="http://www.w3.org/2001/XMLSchema-instance">
<version>1.1</version>
<numberOfRecords>1756</numberOfRecords>
<records>
<record>
<recordSchema>marcxml</recordSchema>
<recordPacking>xml</recordPacking>
<recordData>
<record xmlns="http://www.loc.gov/MARC21/slim">
    <leader>00000cam a2200000Ma 4500</leader>
    <controlfield tag="001">606665965</controlfield>
    <controlfield tag="008">851007s1693    enk     o     000 0 eng d</controlfield>
    <datafield ind1="1" ind2=" " tag="100">
      <subfield code="a">Crisp, Samuel,</subfield>
      <subfield code="d">active 17th century.</subfield>
    </datafield>
    <datafield ind1="1" ind2="0" tag="245">
      <subfield code="a">Christ alone exalted in Dr. Crisp's sermons :</subfield>
      <subfield code="b">partly confirmed in answering Mr. Daniel Williams's preface to his Gospel truth stated, by alledging testimonies from Scripture and the doctrine of the Church of England, in the Book of homilies establish'd by law and other orthodox authorities : shewing how he hath wronged as well the truth as the said doctor in the great point of justification by the Neonomian doctrine /</subfield>
      <subfield code="c">humbly offer'd by S.C., an unworthy son of the said doctor, author of a book entituled, Christ made sin, reflected on by Mr. Williams.</subfield>
    </datafield>
    <datafield ind1=" " ind2=" " tag="260">
      <subfield code="a">London :</subfield>
      <subfield code="b">Printed for William Marshall ... and Henry Barnard ...,</subfield>
      <subfield code="c">1693.</subfield>
    </datafield>
    <datafield ind1=" " ind2=" " tag="300">
      <subfield code="a">1 online resource ([4], 48 pages)</subfield>
    </datafield>
    <datafield ind1="1" ind2="0" tag="600">
      <subfield code="a">Williams, Daniel,</subfield>
      <subfield code="d">1643?-1716.</subfield>
      <subfield code="t">Gospel-truth stated and vindicated.</subfield>
    </datafield>
    <datafield ind1="1" ind2="0" tag="600">
      <subfield code="a">Crisp, Tobias,</subfield>
      <subfield code="d">1600-1643.</subfield>
      <subfield code="t">Christ alone exalted.</subfield>
    </datafield>
    <datafield ind1="1" ind2="4" tag="600">
      <subfield code="a">Crisp, Tobias,</subfield>
      <subfield code="d">1600-1643.</subfield>
    </datafield>
    <datafield ind1="0" ind2="7" tag="630">
      <subfield code="a">Gospel-truth stated and vindicated (Williams, Daniel)</subfield>
      <subfield code="2">fast</subfield>
      <subfield code="0">(OCoLC)fst01358515</subfield>
    </datafield>
    <datafield ind1="4" ind2="0" tag="856">
      <subfield code="3">Early English Books Online</subfield>
      <subfield code="u">http://gateway.proquest.com/openurl?ctx_ver=Z39.88-2003&amp;res_id=xri:eebo&amp;rft_val_fmt=&amp;rft_id=xri:eebo:image:65026</subfield>
    </datafield>
    <datafield ind1="4" ind2="0" tag="856">
      <subfield code="u">http://proxy.library.carleton.ca/login?url=http://gateway.proquest.com/openurl?ctx_ver=Z39.88-2003&amp;res_id=xri:eebo&amp;rft_val_fmt=&amp;rft_id=xri:eebo:image:65026</subfield>
      <subfield code="z">Early English Books Online</subfield>
    </datafield>
    <datafield ind1="4" ind2="0" tag="856">
      <subfield code="u">http://libproxy.uwyo.edu/login/?url=http://gateway.proquest.com/openurl?ctx_ver=Z39.88-2003&amp;res_id=xri:eebo&amp;rft_val_fmt=&amp;rft_id=xri:eebo:image:65026</subfield>
      <subfield code="z">View full text.</subfield>
    </datafield>
    <datafield ind1="4" ind2=" " tag="856">
      <subfield code="u">http://www.library.yorku.ca/eresolver/?id=281381</subfield>
    </datafield>
    <datafield ind1="4" ind2="0" tag="856">
      <subfield code="u">https://ezproxy.aub.edu.lb/login?url=http://gateway.proquest.com/openurl?ctx_ver=Z39.88-2003&amp;res_id=xri:eebo&amp;rft_val_fmt=&amp;rft_id=xri:eebo:image:65026</subfield>
      <subfield code="z">Click for access to ebook</subfield>
    </datafield>
  </record>
</recordData>
</record>