
<record>
<recordSchema>marcxml</recordSchema>
<recordPacking>xml</recordPacking>
<recordData>
<record xmlns="http://www.loc.gov/MARC21/slim">
    <leader>00000cam a2200000M  4500</leader>
    <controlfield tag="001">82221477</controlfield>
    <controlfield tag="008">910611s1681    enk           000 0 eng d</controlfield>
    <datafield ind1="1" ind2=" " tag="100">
      <subfield code="a">Hickeringill, Edmund,</subfield>
      <subfield code="d">1631-1708.</subfield>
    </datafield>
    <datafield ind1="1" ind2="2" tag="245">
      <subfield code="a">A vindication of the Naked truth, the second part,</subfield>
      <subfield code="b">against the trivial objections and exceptions (of one Fullwood ...) in a libelling pamphlet with a bulky and imboss'd title (calling it) Leges Angliae, or The lawfulness of ecclesiastical jurisdiction in the Church of England: in answer to Mr. Hickeringill's Naked truth, the second part.</subfield>
      <subfield code="c">By Phil. Hickeringill.</subfield>
    </datafield>
    <datafield ind1=" " ind2=" " tag="260">
      <subfield code="a">London,</subfield>
      <subfield code="b">Printed for Richard Janeway,</subfield>
      <subfield code="c">1681.</subfield>
    </datafield>
    <datafield ind1=" " ind2=" " tag="300">
      <subfield code="a">2 preliminary leaves, 36 pages</subfield>
      <subfield code="c">32 x 20 cm</subfield>
    </datafield>
    <datafield ind1="2" ind2="0" tag="610">
      <subfield code="a">Church of England</subfield>
      <subfield code="x">Government.</subfield>
    </datafield>
    <datafield ind1="1" ind2="0" tag="600">
      <subfield code="a">Fullwood, Francis,</subfield>
      <subfield code="d">-1693.</subfield>
      <subfield code="t">Leges Angliae.</subfield>
    </datafield>
    <datafield ind1="1" ind2="0" tag="600">
      <subfield code="a">Hickeringill, Edmund,</subfield>
      <subfield code="d">1631-1708.</subfield>
      <subfield code="t">Naked truth, the second part.</subfield>
    </datafield>
    <datafield ind1="2" ind2="7" tag="610">
      <subfield code="a">Church of England.</subfield>
      <subfield code="2">fast</subfield>
      <subfield code="0">(OCoLC)fst00532932</subfield>
    </datafield>
    <datafield ind1=" " ind2="4" tag="650">
      <subfield code="a">Brit Tracts</subfield>
      <subfield code="y">1681.</subfield>
    </datafield>
    <datafield ind1=" " ind2="7" tag="650">
      <subfield code="a">Political science.</subfield>
      <subfield code="2">fast</subfield>
      <subfield code="0">(OCoLC)fst01069781</subfield>
    </datafield>
  </record>
</recordData>
</record>