
<record>
<recordSchema>marcxml</recordSchema>
<recordPacking>xml</recordPacking>
<recordData>
<record xmlns="http://www.loc.gov/MARC21/slim">
    <leader>00000cam a2200000Ii 4500</leader>
    <controlfield tag="001">883203271</controlfield>
    <controlfield tag="008">140709s1915    nyu           000 0 eng d</controlfield>
    <datafield ind1="2" ind2=" " tag="110">
      <subfield code="a">American Truth Society,</subfield>
      <subfield code="e">author.</subfield>
    </datafield>
    <datafield ind1="0" ind2="0" tag="245">
      <subfield code="a">American Truth Society.</subfield>
    </datafield>
    <datafield ind1=" " ind2="1" tag="264">
      <subfield code="a">New York City :</subfield>
      <subfield code="b">American Truth Society,</subfield>
      <subfield code="c">[1915]</subfield>
    </datafield>
    <datafield ind1=" " ind2=" " tag="300">
      <subfield code="a">4 unnumbered pages ;</subfield>
      <subfield code="c">16 cm</subfield>
    </datafield>
    <datafield ind1=" " ind2=" " tag="500">
      <subfield code="a">Caption title.</subfield>
    </datafield>
    <datafield ind1="2" ind2="0" tag="610">
      <subfield code="a">American Truth Society.</subfield>
    </datafield>
    <datafield ind1="2" ind2="0" tag="610">
      <subfield code="a">American Truth Society</subfield>
      <subfield code="v">Constitution.</subfield>
    </datafield>
    <datafield ind1=" " ind2="7" tag="655">
      <subfield code="a">Constitution.</subfield>
      <subfield code="2">fast</subfield>
      <subfield code="0">(OCoLC)fst01423774</subfield>
    </datafield>
    <datafield ind1="2" ind2="7" tag="610">
      <subfield code="a">American Truth Society.</subfield>
      <subfield code="2">fast</subfield>
      <subfield code="0">(OCoLC)fst00752034</subfield>
    </datafield>
  </record>
</recordData>
</record>