
<record>
<recordSchema>marcxml</recordSchema>
<recordPacking>xml</recordPacking>
<recordData>
<record xmlns="http://www.loc.gov/MARC21/slim">
    <leader>00000cam a2200000Ma 4500</leader>
    <controlfield tag="001">55810541</controlfield>
    <controlfield tag="008">820607s1723    mau     b     000 0 eng d</controlfield>
    <datafield ind1="1" ind2=" " tag="100">
      <subfield code="a">Lewes, Daniel,</subfield>
      <subfield code="d">1685-1753.</subfield>
    </datafield>
    <datafield ind1="1" ind2="4" tag="245">
      <subfield code="a">The joy of children walking in truth :</subfield>
      <subfield code="b">As it was set forth in a sermon at the Boston-lecture, August 15. 1723. upon II John. 4. : Publish'd at the desire of many of the hearers. /</subfield>
      <subfield code="c">by Daniel Lewes, M.A. and Pastor of the church at Pembroke.</subfield>
    </datafield>
    <datafield ind1=" " ind2=" " tag="260">
      <subfield code="a">Boston :</subfield>
      <subfield code="b">Printed by S. Kneeland, for D. Henchman, and sold at his shop.,</subfield>
      <subfield code="c">MDCCXXIII. [1723]</subfield>
    </datafield>
    <datafield ind1=" " ind2=" " tag="300">
      <subfield code="a">[4], 28 pages ;</subfield>
      <subfield code="c">18 cm (16mo)</subfield>
    </datafield>
    <datafield ind1=" " ind2=" " tag="500">
      <subfield code="a">Half-title: Mr. Daniel Lewes's sermon at the lecture in Boston, August 15th. 1723.</subfield>
    </datafield>
    <datafield ind1=" " ind2="0" tag="650">
      <subfield code="a">Truth</subfield>
      <subfield code="x">Religious aspects</subfield>
      <subfield code="x">Christianity.</subfield>
    </datafield>
    <datafield ind1=" " ind2="7" tag="650">
      <subfield code="a">Truth</subfield>
      <subfield code="x">Religious aspects</subfield>
      <subfield code="x">Christianity.</subfield>
      <subfield code="2">fast</subfield>
      <subfield code="0">(OCoLC)fst01158248</subfield>
    </datafield>
    <datafield ind1=" " ind2="7" tag="655">
      <subfield code="a">Sermons</subfield>
      <subfield code="y">1723.</subfield>
      <subfield code="2">rbgenr</subfield>
    </datafield>
    <datafield ind1=" " ind2="4" tag="655">
      <subfield code="a">Sermons</subfield>
      <subfield code="y">1723.</subfield>
    </datafield>
    <datafield ind1="4" ind2="1" tag="856">
      <subfield code="3">Early American Imprints</subfield>
      <subfield code="u">http://opac.newsbank.com/select/evans/2440</subfield>
    </datafield>
  </record>
</recordData>
</record>