
<record>
<recordSchema>marcxml</recordSchema>
<recordPacking>xml</recordPacking>
<recordData>
<record xmlns="http://www.loc.gov/MARC21/slim">
    <leader>00000cam a2200000Ia 4500</leader>
    <controlfield tag="001">12425229</controlfield>
    <controlfield tag="008">850826s1681    enk     a     000 0 eng d</controlfield>
    <datafield ind1="1" ind2=" " tag="100">
      <subfield code="a">Lane, Edward,</subfield>
      <subfield code="d">1605-1685.</subfield>
    </datafield>
    <datafield ind1="1" ind2="0" tag="245">
      <subfield code="a">Du Moulin's Reflections reverberated :</subfield>
      <subfield code="b">being a full answer to a pernicious pamphlet entituled Moral reflections on the number of the elect : together with several arguments against transubstantiation of the outward elements in the sacrament of the Lords Supper, transubstantiated into falshood and absurdity : to which is added a postscript in answer to some passages in Mr. Edmund Hickeringil's scurrilous piece stiled The second part of naked truth /</subfield>
      <subfield code="c">by Edward Lone ...</subfield>
    </datafield>
    <datafield ind1=" " ind2=" " tag="260">
      <subfield code="a">London :</subfield>
      <subfield code="b">Printed for William Crook ...,</subfield>
      <subfield code="c">1681.</subfield>
    </datafield>
    <datafield ind1=" " ind2=" " tag="300">
      <subfield code="a">[12], 105, [3] pages</subfield>
    </datafield>
    <datafield ind1=" " ind2=" " tag="500">
      <subfield code="a">Reproduction of original in Huntington Library.</subfield>
    </datafield>
    <datafield ind1=" " ind2=" " tag="500">
      <subfield code="a">Table of contents: p. [1] at end.</subfield>
    </datafield>
    <datafield ind1=" " ind2=" " tag="500">
      <subfield code="a">Advertisement: p. [2]-[3] at end.</subfield>
    </datafield>
    <datafield ind1="1" ind2="0" tag="600">
      <subfield code="a">Du Moulin, Lewis,</subfield>
      <subfield code="d">1606-1680.</subfield>
      <subfield code="t">Moral reflections upon the number of the elect.</subfield>
    </datafield>
    <datafield ind1="1" ind2="0" tag="600">
      <subfield code="a">Hickeringill, Edmund,</subfield>
      <subfield code="d">1631-1708.</subfield>
      <subfield code="t">Naked truth.</subfield>
      <subfield code="n">Second part.</subfield>
    </datafield>
    <datafield ind1="0" ind2="7" tag="630">
      <subfield code="a">Naked truth (Hickeringill, Edmund)</subfield>
      <subfield code="2">fast</subfield>
      <subfield code="0">(OCoLC)fst01369609</subfield>
    </datafield>
    <datafield ind1=" " ind2="0" tag="650">
      <subfield code="a">Transubstantiation</subfield>
      <subfield code="v">Controversial literature.</subfield>
    </datafield>
    <datafield ind1=" " ind2="7" tag="650">
      <subfield code="a">Transubstantiation.</subfield>
      <subfield code="2">fast</subfield>
      <subfield code="0">(OCoLC)fst01155448</subfield>
    </datafield>
    <datafield ind1=" " ind2="7" tag="655">
      <subfield code="a">Controversial literature.</subfield>
      <subfield code="2">fast</subfield>
      <subfield code="0">(OCoLC)fst01423907</subfield>
    </datafield>
    <datafield ind1="4" ind2="1" tag="856">
      <subfield code="z">Full text available as part of Early English books online (EEBO):</subfield>
      <subfield code="u">http://gateway.proquest.com/openurl?ctx_ver=Z39.88-2003&amp;res_id=xri:eebo&amp;rft_val_fmt=&amp;rft_id=xri:eebo:image:61822</subfield>
      <subfield code="z">Rutgers restricted</subfield>
    </datafield>
    <datafield ind1="4" ind2=" " tag="856">
      <subfield code="u">http://proxy.lib.utk.edu:90/login?url=http://wwwlib.umi.com/eebo/image/61822</subfield>
    </datafield>
  </record>
</recordData>
</record>