
<record>
<recordSchema>marcxml</recordSchema>
<recordPacking>xml</recordPacking>
<recordData>
<record xmlns="http://www.loc.gov/MARC21/slim">
    <leader>00000cam a2200000Mc 4500</leader>
    <controlfield tag="001">836932085</controlfield>
    <controlfield tag="008">071206s1767    mau     o     000 0 eng d</controlfield>
    <datafield ind1="1" ind2=" " tag="100">
      <subfield code="a">Tucker, John,</subfield>
      <subfield code="d">1719-1792</subfield>
    </datafield>
    <datafield ind1="1" ind2="0" tag="245">
      <subfield code="a">Remarks on a sermon of the Rev. Aaron Hutchinson, of Grafton, intitled, Valour for the truth, preached to the Presbyterian Congregation at Newbury-Port, April 23. 1767. And lately published (as 'tis said) at the desire of the hearers</subfield>
      <subfield code="c">By John Tucker, A.M. Pastor of the First Church in Newbury. ; [One line from Romans]</subfield>
    </datafield>
    <datafield ind1="3" ind2=" " tag="246">
      <subfield code="a">Remarks on a sermon of the Rev. Aaron Hutchinson</subfield>
    </datafield>
    <datafield ind1=" " ind2=" " tag="260">
      <subfield code="a">Boston</subfield>
      <subfield code="b">Printed and sold by Thomas &amp; John Fleet, in Cornhill, sold also by Daniel Balch, in Newbury-Port:--at which places may be had Mr. Tucker's Narrative of a late council at Newbury</subfield>
      <subfield code="c">[1767]</subfield>
    </datafield>
    <datafield ind1=" " ind2=" " tag="300">
      <subfield code="a">Online-Ressource</subfield>
      <subfield code="a">47, [1] Seiten</subfield>
    </datafield>
    <datafield ind1=" " ind2=" " tag="500">
      <subfield code="a">Includes files in TIFF, GIF and PDF formats with inclusion of keyword searchable text</subfield>
    </datafield>
    <datafield ind1=" " ind2=" " tag="500">
      <subfield code="a">Dated on p. 47: Newbury, August 10. 1767</subfield>
    </datafield>
    <datafield ind1=" " ind2=" " tag="500">
      <subfield code="a">Evans, 10792</subfield>
    </datafield>
    <datafield ind1="1" ind2="0" tag="600">
      <subfield code="a">Hutchinson, Aaron,</subfield>
      <subfield code="d">1724-1800.</subfield>
      <subfield code="t">Valour for the truth</subfield>
    </datafield>
    <datafield ind1=" " ind2="0" tag="650">
      <subfield code="a">Truth</subfield>
      <subfield code="x">Religious aspects</subfield>
      <subfield code="x">Christianity</subfield>
    </datafield>
    <datafield ind1=" " ind2="7" tag="650">
      <subfield code="a">Truth</subfield>
      <subfield code="x">Religious aspects</subfield>
      <subfield code="x">Christianity</subfield>
      <subfield code="2">fast</subfield>
      <subfield code="0">(OCoLC)fst01158248</subfield>
    </datafield>
    <datafield ind1="4" ind2="0" tag="856">
      <subfield code="3">Early American Imprints</subfield>
      <subfield code="u">http://opac.newsbank.com/select/evans/10792</subfield>
    </datafield>
    <datafield ind1="4" ind2="0" tag="856">
      <subfield code="u">https://nl.sub.uni-goettingen.de/id/aas03021773?origin=/collection/eai1</subfield>
      <subfield code="z">Nationallizenz</subfield>
    </datafield>
  </record>
</recordData>
</record>