
<record>
<recordSchema>marcxml</recordSchema>
<recordPacking>xml</recordPacking>
<recordData>
<record xmlns="http://www.loc.gov/MARC21/slim">
    <leader>00000cam a2200000Ia 4500</leader>
    <controlfield tag="001">9114915</controlfield>
    <controlfield tag="008">830110s1893    onc     b     000 0 eng d</controlfield>
    <datafield ind1=" " ind2=" " tag="020">
      <subfield code="a">0665111711</subfield>
    </datafield>
    <datafield ind1=" " ind2=" " tag="020">
      <subfield code="a">9780665111716</subfield>
    </datafield>
    <datafield ind1="1" ind2=" " tag="100">
      <subfield code="a">Muckleston, W. J.</subfield>
      <subfield code="q">(William Jeffryes),</subfield>
      <subfield code="d">1849-</subfield>
    </datafield>
    <datafield ind1="1" ind2="0" tag="245">
      <subfield code="a">Roman methods of controversy as exemplified by the "Catholic Truth Society" :</subfield>
      <subfield code="b">a lecture delivered in St. John's Hall, May 15th, 1893 /</subfield>
      <subfield code="c">by William Jeffreys Muckleston.</subfield>
    </datafield>
    <datafield ind1=" " ind2=" " tag="260">
      <subfield code="a">[Ottawa?] :</subfield>
      <subfield code="b">[publisher not identified],</subfield>
      <subfield code="c">1893</subfield>
      <subfield code="e">(Ottawa :</subfield>
      <subfield code="f">Paynter &amp; Abbott)</subfield>
    </datafield>
    <datafield ind1=" " ind2=" " tag="300">
      <subfield code="a">36 pages</subfield>
    </datafield>
    <datafield ind1=" " ind2=" " tag="500">
      <subfield code="a">Reproduction of original in: Library of the Public Archives of Canada.</subfield>
    </datafield>
    <datafield ind1="2" ind2="0" tag="610">
      <subfield code="a">Church of England</subfield>
      <subfield code="v">Apologetic works.</subfield>
    </datafield>
    <datafield ind1="2" ind2="0" tag="610">
      <subfield code="a">Catholic Truth Society of Ottawa.</subfield>
    </datafield>
    <datafield ind1="0" ind2="0" tag="630">
      <subfield code="a">Bible</subfield>
      <subfield code="x">Evidences, authority, etc.</subfield>
    </datafield>
    <datafield ind1="2" ind2="6" tag="610">
      <subfield code="a">Church of England</subfield>
      <subfield code="x">Ouvrages apologétiques.</subfield>
    </datafield>
    <datafield ind1="2" ind2="6" tag="610">
      <subfield code="a">Catholic Truth Society of Ottawa.</subfield>
    </datafield>
    <datafield ind1="2" ind2="7" tag="610">
      <subfield code="a">Church of England.</subfield>
      <subfield code="2">fast</subfield>
      <subfield code="0">(OCoLC)fst00532932</subfield>
    </datafield>
    <datafield ind1="0" ind2="7" tag="630">
      <subfield code="a">Bible.</subfield>
      <subfield code="2">fast</subfield>
      <subfield code="0">(OCoLC)fst01356024</subfield>
    </datafield>
    <datafield ind1=" " ind2="6" tag="650">
      <subfield code="a">Bible</subfield>
      <subfield code="x">Preuvres, autorité, etc.</subfield>
    </datafield>
    <datafield ind1=" " ind2="7" tag="650">
      <subfield code="a">Authority</subfield>
      <subfield code="x">Religious aspects.</subfield>
      <subfield code="2">fast</subfield>
      <subfield code="0">(OCoLC)fst00821658</subfield>
    </datafield>
    <datafield ind1=" " ind2="7" tag="655">
      <subfield code="a">Apologetic writings.</subfield>
      <subfield code="2">fast</subfield>
      <subfield code="0">(OCoLC)fst01423698</subfield>
    </datafield>
  </record>
</recordData>
</record>