
<record>
<recordSchema>marcxml</recordSchema>
<recordPacking>xml</recordPacking>
<recordData>
<record xmlns="http://www.loc.gov/MARC21/slim">
    <leader>00000cam a2200000Mi 4500</leader>
    <controlfield tag="001">316511989</controlfield>
    <controlfield tag="008">000202s1634    fr            000 0 eng d</controlfield>
    <datafield ind1="1" ind2=" " tag="100">
      <subfield code="a">Knott, Edward,</subfield>
      <subfield code="d">1582-1656.</subfield>
    </datafield>
    <datafield ind1="1" ind2="0" tag="245">
      <subfield code="a">Mercy &amp; truth. Or Charity maintayned by Catholiques. :</subfield>
      <subfield code="b">By way of reply vpon an answere lately framed by D. Potter to a treatise which had formerly proued, that charity was mistaken by Protestants: with the want whereof Catholiques are vniustly charged for affirming, that Protestancy vnrepented destroyes saluation. Deuided into two parts.</subfield>
    </datafield>
    <datafield ind1="1" ind2="7" tag="246">
      <subfield code="a">Charity maintayned by Catholiques</subfield>
    </datafield>
    <datafield ind1="1" ind2="7" tag="246">
      <subfield code="a">Charity maintained by Catholiques</subfield>
    </datafield>
    <datafield ind1=" " ind2=" " tag="260">
      <subfield code="a">[Saint-Omer :</subfield>
      <subfield code="b">Printed at the English College Press] Permissu superiorum,</subfield>
      <subfield code="c">M. DC. XXXIIII. [1634]</subfield>
    </datafield>
    <datafield ind1=" " ind2=" " tag="300">
      <subfield code="a">[8], 299, [1], 206, [6], p. ;</subfield>
      <subfield code="c">18 cm. (4to)</subfield>
    </datafield>
    <datafield ind1=" " ind2=" " tag="500">
      <subfield code="a">Dedication signed: I.H., i.e. Edward Knott.</subfield>
    </datafield>
    <datafield ind1=" " ind2=" " tag="500">
      <subfield code="a">Running title reads: Charity maintayned by Catholiques or Charity maintained by Catholiques.</subfield>
    </datafield>
    <datafield ind1=" " ind2=" " tag="500">
      <subfield code="a">A reply to: Potter, Christopher. Want of charitie justly charged, on all such Romanists, as dare (without truth or modesty) affirme, that Protestancie destroyeth salvation.</subfield>
    </datafield>
    <datafield ind1=" " ind2=" " tag="500">
      <subfield code="a">Identification of printer from STC.</subfield>
    </datafield>
    <datafield ind1=" " ind2=" " tag="500">
      <subfield code="a">Part 2 begins new pagination on 2Q3r.</subfield>
    </datafield>
    <datafield ind1=" " ind2=" " tag="500">
      <subfield code="a">With three final errata leaves.</subfield>
    </datafield>
    <datafield ind1="1" ind2="0" tag="600">
      <subfield code="a">Potter, Christopher,</subfield>
      <subfield code="d">1591-1646.</subfield>
      <subfield code="t">Want of charitie justly charged, on all such Romanists, as dare (without truth or modesty) affirme, that Protestancie destroyeth salvation</subfield>
      <subfield code="x">Controversial literature</subfield>
      <subfield code="v">Early works to 1800.</subfield>
    </datafield>
    <datafield ind1="2" ind2="0" tag="610">
      <subfield code="a">Catholic Church</subfield>
      <subfield code="x">Apologetic works</subfield>
      <subfield code="v">Early works to 1800.</subfield>
    </datafield>
    <datafield ind1="2" ind2="7" tag="610">
      <subfield code="a">Catholic Church.</subfield>
      <subfield code="2">fast</subfield>
      <subfield code="0">(OCoLC)fst00531720</subfield>
    </datafield>
    <datafield ind1=" " ind2="0" tag="650">
      <subfield code="a">Protestantism</subfield>
      <subfield code="x">Controversial literature</subfield>
      <subfield code="v">Early works to 1800.</subfield>
    </datafield>
    <datafield ind1=" " ind2="7" tag="650">
      <subfield code="a">Apologetics.</subfield>
      <subfield code="2">fast</subfield>
      <subfield code="0">(OCoLC)fst00811449</subfield>
    </datafield>
    <datafield ind1=" " ind2="7" tag="650">
      <subfield code="a">Controversial literature.</subfield>
      <subfield code="2">fast</subfield>
      <subfield code="0">(OCoLC)fst01352540</subfield>
    </datafield>
    <datafield ind1=" " ind2="7" tag="650">
      <subfield code="a">Protestantism</subfield>
      <subfield code="x">Controversial literature.</subfield>
      <subfield code="2">fast</subfield>
      <subfield code="0">(OCoLC)fst01426369</subfield>
    </datafield>
    <datafield ind1=" " ind2="7" tag="655">
      <subfield code="a">Early works.</subfield>
      <subfield code="2">fast</subfield>
      <subfield code="0">(OCoLC)fst01411636</subfield>
    </datafield>
  </record>
</recordData>
</record>