
<record>
<recordSchema>marcxml</recordSchema>
<recordPacking>xml</recordPacking>
<recordData>
<record xmlns="http://www.loc.gov/MARC21/slim">
    <leader>00000cam a2200000Ia 4500</leader>
    <controlfield tag="001">12922133</controlfield>
    <controlfield tag="008">851216s1681    enk     a     000 0 eng d</controlfield>
    <datafield ind1="1" ind2=" " tag="100">
      <subfield code="a">Fullwood, Francis,</subfield>
      <subfield code="d">-1693.</subfield>
    </datafield>
    <datafield ind1="1" ind2="2" tag="245">
      <subfield code="a">A dialogue betwixt Philautus and Timotheus :</subfield>
      <subfield code="b">in defence of Dr. Fullwood's Legas Angliæ against the vindicator of Naked truth, stiling himself Phil. Hickeringill.</subfield>
    </datafield>
    <datafield ind1=" " ind2=" " tag="260">
      <subfield code="a">London :</subfield>
      <subfield code="b">Printed for Rich. Royston ...,</subfield>
      <subfield code="c">1681.</subfield>
    </datafield>
    <datafield ind1=" " ind2=" " tag="300">
      <subfield code="a">[2], 32, [1] pages</subfield>
    </datafield>
    <datafield ind1=" " ind2=" " tag="500">
      <subfield code="a">Reproduction of original in Union Theological Seminary Library, New York.</subfield>
    </datafield>
    <datafield ind1="1" ind2="0" tag="600">
      <subfield code="a">Fullwood, Francis,</subfield>
      <subfield code="d">-1693.</subfield>
      <subfield code="t">Leges Angliæ.</subfield>
    </datafield>
    <datafield ind1="1" ind2="0" tag="600">
      <subfield code="a">Hickeringill, Edmund,</subfield>
      <subfield code="d">1631-1708.</subfield>
      <subfield code="t">Naked truth.</subfield>
    </datafield>
    <datafield ind1="0" ind2="7" tag="630">
      <subfield code="a">Naked truth (Hickeringill, Edmund)</subfield>
      <subfield code="2">fast</subfield>
      <subfield code="0">(OCoLC)fst01369609</subfield>
    </datafield>
    <datafield ind1=" " ind2="0" tag="651">
      <subfield code="a">Great Britain</subfield>
      <subfield code="x">Church history</subfield>
      <subfield code="y">17th century.</subfield>
    </datafield>
    <datafield ind1=" " ind2="7" tag="651">
      <subfield code="a">Great Britain.</subfield>
      <subfield code="2">fast</subfield>
      <subfield code="0">(OCoLC)fst01204623</subfield>
    </datafield>
    <datafield ind1=" " ind2="7" tag="655">
      <subfield code="a">Church history.</subfield>
      <subfield code="2">fast</subfield>
      <subfield code="0">(OCoLC)fst01411629</subfield>
    </datafield>
    <datafield ind1="4" ind2="1" tag="856">
      <subfield code="z">Full text available as part of Early English books online (EEBO):</subfield>
      <subfield code="u">http://gateway.proquest.com/openurl?ctx_ver=Z39.88-2003&amp;res_id=xri:eebo&amp;rft_val_fmt=&amp;rft_id=xri:eebo:image:95404</subfield>
      <subfield code="z">Rutgers restricted</subfield>
    </datafield>
    <datafield ind1="4" ind2=" " tag="856">
      <subfield code="u">http://proxy.lib.utk.edu:90/login?url=http://wwwlib.umi.com/eebo/image/95404</subfield>
    </datafield>
  </record>
</recordData>
</record>