
<record>
<recordSchema>marcxml</recordSchema>
<recordPacking>xml</recordPacking>
<recordData>
<record xmlns="http://www.loc.gov/MARC21/slim">
    <leader>00000cam a2200000Ma 4500</leader>
    <controlfield tag="001">801401167</controlfield>
    <controlfield tag="008">850723s1678    enk     ab    000 0 eng d</controlfield>
    <datafield ind1="1" ind2=" " tag="100">
      <subfield code="a">Harby, Thomas.</subfield>
    </datafield>
    <datafield ind1="1" ind2="0" tag="245">
      <subfield code="a">What is truth? or, The patern in the Mount :</subfield>
      <subfield code="b">wherein many places of Scripture are (in pursuit of truth, and the churches peace) explained and, therein, the most dangerous errors in doctrine and manners (both modern and ancient) are clearly detected and refelled /</subfield>
      <subfield code="c">by Thomas Harby.</subfield>
    </datafield>
    <datafield ind1=" " ind2=" " tag="260">
      <subfield code="a">London :</subfield>
      <subfield code="b">Revised by the Author, and reprinted for him,</subfield>
      <subfield code="c">1678.</subfield>
    </datafield>
    <datafield ind1=" " ind2=" " tag="300">
      <subfield code="a">[10], 345 pages</subfield>
    </datafield>
    <datafield ind1=" " ind2=" " tag="500">
      <subfield code="a">Errata: p. 345.</subfield>
    </datafield>
    <datafield ind1=" " ind2=" " tag="500">
      <subfield code="a">Reproduction of original in Bodleian Library.</subfield>
    </datafield>
    <datafield ind1=" " ind2="0" tag="650">
      <subfield code="a">Truth.</subfield>
    </datafield>
    <datafield ind1=" " ind2="7" tag="650">
      <subfield code="a">Truth.</subfield>
      <subfield code="2">fast</subfield>
      <subfield code="0">(OCoLC)fst01158235</subfield>
    </datafield>
    <datafield ind1="0" ind2=" " tag="740">
      <subfield code="a">Patern in the Mount.</subfield>
    </datafield>
    <datafield ind1="0" ind2=" " tag="740">
      <subfield code="a">What is truth?</subfield>
    </datafield>
    <datafield ind1="4" ind2="0" tag="856">
      <subfield code="u">http://hdl.library.upenn.edu/1017.12/278766</subfield>
      <subfield code="z">Connect to full text</subfield>
    </datafield>
  </record>
</recordData>
</record>