
<record>
<recordSchema>marcxml</recordSchema>
<recordPacking>xml</recordPacking>
<recordData>
<record xmlns="http://www.loc.gov/MARC21/slim">
    <leader>00000cam a2200000Ma 4500</leader>
    <controlfield tag="001">649340730</controlfield>
    <controlfield tag="008">010202s1834    enk     o     000 0 eng d</controlfield>
    <datafield ind1="1" ind2=" " tag="100">
      <subfield code="a">Rose, Hugh James,</subfield>
      <subfield code="d">1795-1838.</subfield>
    </datafield>
    <datafield ind1="1" ind2="4" tag="245">
      <subfield code="a">The duty of maintaining the truth :</subfield>
      <subfield code="b">a sermon preached before the University of Cambridge, on Sunday, May 18, 1834 /</subfield>
      <subfield code="c">by Hugh James Rose ...</subfield>
    </datafield>
    <datafield ind1=" " ind2=" " tag="260">
      <subfield code="a">Cambridge :</subfield>
      <subfield code="b">Printed at the Pitt Press, by John Smith ... for J. &amp; J.J. Deighton, Cambridge, and Rivingtons, London,</subfield>
      <subfield code="c">1834.</subfield>
    </datafield>
    <datafield ind1=" " ind2=" " tag="300">
      <subfield code="a">1 online resource (26 pages)</subfield>
    </datafield>
    <datafield ind1="0" ind2="4" tag="630">
      <subfield code="a">Bible.</subfield>
      <subfield code="p">Matthew, X, 27.</subfield>
    </datafield>
    <datafield ind1=" " ind2="0" tag="650">
      <subfield code="a">Truth</subfield>
      <subfield code="x">Religious aspects</subfield>
      <subfield code="x">Christianity</subfield>
      <subfield code="v">Sermons.</subfield>
    </datafield>
    <datafield ind1=" " ind2="7" tag="650">
      <subfield code="a">Truth</subfield>
      <subfield code="x">Religious aspects</subfield>
      <subfield code="x">Christianity.</subfield>
      <subfield code="2">fast</subfield>
      <subfield code="0">(OCoLC)fst01158248</subfield>
    </datafield>
    <datafield ind1=" " ind2="7" tag="655">
      <subfield code="a">Sermons.</subfield>
      <subfield code="2">fast</subfield>
      <subfield code="0">(OCoLC)fst01423904</subfield>
    </datafield>
    <datafield ind1="4" ind2="0" tag="856">
      <subfield code="3">JSTOR</subfield>
      <subfield code="u">http://www.jstor.org/stable/60226008</subfield>
    </datafield>
    <datafield ind1="4" ind2="0" tag="856">
      <subfield code="u">https://archive.org/details/a606729200roseuoft</subfield>
      <subfield code="z">Free eBook from the Internet Archive</subfield>
    </datafield>
    <datafield ind1="4" ind2="2" tag="856">
      <subfield code="u">https://openlibrary.org/books/OL7081357M</subfield>
      <subfield code="z">Additional information and access via Open Library</subfield>
    </datafield>
  </record>
</recordData>
</record>