
<record>
<recordSchema>marcxml</recordSchema>
<recordPacking>xml</recordPacking>
<recordData>
<record xmlns="http://www.loc.gov/MARC21/slim">
    <leader>00000cam a2200000Ma 4500</leader>
    <controlfield tag="001">765820586</controlfield>
    <controlfield tag="008">780608s1823    nyu     o     000 0deng d</controlfield>
    <datafield ind1="1" ind2=" " tag="100">
      <subfield code="a">Worden, Peter.</subfield>
    </datafield>
    <datafield ind1="1" ind2="2" tag="245">
      <subfield code="a">A mirror for several articles contained in a letter written by Joseph C. Dean and addressed to a Friend, entitled "Truth vindicated" /</subfield>
      <subfield code="c">by Peter Worden.</subfield>
    </datafield>
    <datafield ind1=" " ind2=" " tag="260">
      <subfield code="a">Poughkeepsie [N.Y.] :</subfield>
      <subfield code="b">Printed by P. Potter,</subfield>
      <subfield code="c">1823.</subfield>
    </datafield>
    <datafield ind1=" " ind2=" " tag="300">
      <subfield code="a">1 online resource (37 pages)</subfield>
    </datafield>
    <datafield ind1=" " ind2=" " tag="500">
      <subfield code="a">Reproduction of original from The American Antiquarian Society.</subfield>
    </datafield>
    <datafield ind1="1" ind2="0" tag="600">
      <subfield code="a">Dean, Joseph C.</subfield>
      <subfield code="t">Truth vindicated, in a letter to a Friend.</subfield>
    </datafield>
    <datafield ind1=" " ind2="0" tag="650">
      <subfield code="a">Society of Friends</subfield>
      <subfield code="v">Controversial literature.</subfield>
    </datafield>
    <datafield ind1=" " ind2="7" tag="650">
      <subfield code="a">Society of Friends.</subfield>
      <subfield code="2">fast</subfield>
      <subfield code="0">(OCoLC)fst01123801</subfield>
    </datafield>
    <datafield ind1=" " ind2="7" tag="655">
      <subfield code="a">Controversial literature.</subfield>
      <subfield code="2">fast</subfield>
      <subfield code="0">(OCoLC)fst01423907</subfield>
    </datafield>
    <datafield ind1="4" ind2="0" tag="856">
      <subfield code="u">http://galenet.galegroup.com/servlet/Sabin?af=RN&amp;ae=CY110523404&amp;srchtp=a&amp;ste=14</subfield>
      <subfield code="z">Full text online</subfield>
    </datafield>
    <datafield ind1="0" ind2=" " tag="856">
      <subfield code="u">http://galenet.galegroup.com/servlet/Sabin?af=RN&amp;ae=CY110523404&amp;srchtp=a&amp;ste=14&amp;q=marriottlibrary</subfield>
      <subfield code="z">Full text online</subfield>
    </datafield>
    <datafield ind1="0" ind2=" " tag="856">
      <subfield code="u">http://www.library.yorku.ca/e/resolver/id/2316238</subfield>
      <subfield code="z">Full text online</subfield>
    </datafield>
  </record>
</recordData>
</record>