
<record>
<recordSchema>marcxml</recordSchema>
<recordPacking>xml</recordPacking>
<recordData>
<record xmlns="http://www.loc.gov/MARC21/slim">
    <leader>00000cam a2200000Ma 4500</leader>
    <controlfield tag="001">1086913381</controlfield>
    <controlfield tag="008">851104s1672    enk     a     000 0 eng d</controlfield>
    <datafield ind1="1" ind2=" " tag="100">
      <subfield code="a">Penington, Isaac,</subfield>
      <subfield code="d">1616-1679.</subfield>
    </datafield>
    <datafield ind1="1" ind2="4" tag="245">
      <subfield code="a">The holy truth &amp; people defended, and some of the weapons and strength of the power of darkness broken and scattered, by the light and power of truth :</subfield>
      <subfield code="b">in an answer to the chief passages in a letter, written to me, and replyed to by me, before my imprisonment in this place, where I have been a prisoner above a year and a half, without any law broken , or cause given on my part, who only came innocently and peaceably to visit my friends in prison /</subfield>
      <subfield code="c">by me Isaac Pennington ...</subfield>
    </datafield>
    <datafield ind1=" " ind2=" " tag="260">
      <subfield code="a">[London? :</subfield>
      <subfield code="b">s.n.],</subfield>
      <subfield code="c">1672.</subfield>
    </datafield>
    <datafield ind1=" " ind2=" " tag="300">
      <subfield code="a">[4], 42 [i.e. 40] p.</subfield>
    </datafield>
    <datafield ind1=" " ind2=" " tag="500">
      <subfield code="a">Reproduction of original in Duke University Library.</subfield>
    </datafield>
    <datafield ind1=" " ind2="0" tag="650">
      <subfield code="a">Truth.</subfield>
    </datafield>
    <datafield ind1=" " ind2="0" tag="650">
      <subfield code="a">Christian life.</subfield>
    </datafield>
    <datafield ind1=" " ind2="7" tag="650">
      <subfield code="a">Christian life.</subfield>
      <subfield code="2">fast</subfield>
      <subfield code="0">(OCoLC)fst00859185</subfield>
    </datafield>
    <datafield ind1=" " ind2="7" tag="650">
      <subfield code="a">Truth.</subfield>
      <subfield code="2">fast</subfield>
      <subfield code="0">(OCoLC)fst01158235</subfield>
    </datafield>
    <datafield ind1="0" ind2=" " tag="730">
      <subfield code="a">Early English books online.</subfield>
    </datafield>
  </record>
</recordData>
</record>