
<record>
<recordSchema>marcxml</recordSchema>
<recordPacking>xml</recordPacking>
<recordData>
<record xmlns="http://www.loc.gov/MARC21/slim">
    <leader>00000cam a2200000Ma 4500</leader>
    <controlfield tag="001">866853850</controlfield>
    <controlfield tag="008">940114s1827    mau     o     000 0 eng d</controlfield>
    <datafield ind1="1" ind2=" " tag="100">
      <subfield code="a">Dimmick, L. F.</subfield>
      <subfield code="q">(Luther Fraseur),</subfield>
      <subfield code="d">1790-1860.</subfield>
    </datafield>
    <datafield ind1="1" ind2="4" tag="245">
      <subfield code="a">The influence of truth :</subfield>
      <subfield code="b">a sermon delivered in Newburyport, March 20, 1827, at the dedication of the new brick church in Titcomb Street /</subfield>
      <subfield code="c">by L.F. Dimmick.</subfield>
    </datafield>
    <datafield ind1="1" ind2="6" tag="246">
      <subfield code="a">Sermon</subfield>
    </datafield>
    <datafield ind1="1" ind2="4" tag="246">
      <subfield code="a">Rev. Mr. Dimmick's dedication sermon</subfield>
    </datafield>
    <datafield ind1=" " ind2=" " tag="260">
      <subfield code="a">Newburyport [Mass.] :</subfield>
      <subfield code="b">C. Whipple,</subfield>
      <subfield code="c">1827</subfield>
      <subfield code="f">(Herald Office)</subfield>
    </datafield>
    <datafield ind1=" " ind2=" " tag="300">
      <subfield code="a">1 online resource (32 pages)</subfield>
    </datafield>
    <datafield ind1=" " ind2=" " tag="500">
      <subfield code="a">Appendix (p. 32) gives a brief history of the North Congregational Church of Newburyport.</subfield>
    </datafield>
    <datafield ind1=" " ind2=" " tag="500">
      <subfield code="a">Reproduction of the original from the American Antiquarian Society.</subfield>
    </datafield>
    <datafield ind1=" " ind2=" " tag="500">
      <subfield code="a">Sabin no. 20193.</subfield>
    </datafield>
    <datafield ind1="2" ind2="0" tag="610">
      <subfield code="a">North Congregational Church (Newburyport, Mass.)</subfield>
      <subfield code="v">Sermons.</subfield>
    </datafield>
    <datafield ind1="0" ind2="0" tag="630">
      <subfield code="a">Bible.</subfield>
      <subfield code="p">John, XVII, 17</subfield>
      <subfield code="v">Sermons.</subfield>
    </datafield>
    <datafield ind1="2" ind2="7" tag="610">
      <subfield code="a">North Congregational Church (Newburyport, Mass.)</subfield>
      <subfield code="2">fast</subfield>
      <subfield code="0">(OCoLC)fst00707494</subfield>
    </datafield>
    <datafield ind1=" " ind2="0" tag="650">
      <subfield code="a">Truth</subfield>
      <subfield code="x">Religious aspects</subfield>
      <subfield code="v">Sermons.</subfield>
    </datafield>
    <datafield ind1=" " ind2="0" tag="650">
      <subfield code="a">Church dedication sermons</subfield>
      <subfield code="z">Massachusetts</subfield>
      <subfield code="z">Newburyport.</subfield>
    </datafield>
    <datafield ind1=" " ind2="0" tag="651">
      <subfield code="a">Newburyport (Mass.)</subfield>
      <subfield code="x">Church history</subfield>
      <subfield code="v">Sermons.</subfield>
    </datafield>
    <datafield ind1=" " ind2="0" tag="650">
      <subfield code="a">Sermons, American</subfield>
      <subfield code="z">Massachusetts</subfield>
      <subfield code="z">Newburyport.</subfield>
    </datafield>
    <datafield ind1=" " ind2="7" tag="650">
      <subfield code="a">Church dedication sermons.</subfield>
      <subfield code="2">fast</subfield>
      <subfield code="0">(OCoLC)fst00860675</subfield>
    </datafield>
    <datafield ind1=" " ind2="7" tag="650">
      <subfield code="a">Sermons, American.</subfield>
      <subfield code="2">fast</subfield>
      <subfield code="0">(OCoLC)fst01113225</subfield>
    </datafield>
    <datafield ind1=" " ind2="7" tag="650">
      <subfield code="a">Truth</subfield>
      <subfield code="x">Religious aspects.</subfield>
      <subfield code="2">fast</subfield>
      <subfield code="0">(OCoLC)fst01158245</subfield>
    </datafield>
    <datafield ind1=" " ind2="7" tag="651">
      <subfield code="a">Massachusetts</subfield>
      <subfield code="z">Newburyport.</subfield>
      <subfield code="2">fast</subfield>
      <subfield code="0">(OCoLC)fst01215824</subfield>
    </datafield>
    <datafield ind1=" " ind2="7" tag="655">
      <subfield code="a">Church history.</subfield>
      <subfield code="2">fast</subfield>
      <subfield code="0">(OCoLC)fst01411629</subfield>
    </datafield>
    <datafield ind1=" " ind2="7" tag="655">
      <subfield code="a">Sermons.</subfield>
      <subfield code="2">fast</subfield>
      <subfield code="0">(OCoLC)fst01423904</subfield>
    </datafield>
    <datafield ind1="2" ind2=" " tag="710">
      <subfield code="a">North Congregational Church (Newburyport, Mass.)</subfield>
    </datafield>
    <datafield ind1="4" ind2="0" tag="856">
      <subfield code="u">http://galenet.galegroup.com/servlet/Sabin?af=RN&amp;ae=CY112928265&amp;srchtp=a&amp;ste=14</subfield>
      <subfield code="z">Full text online</subfield>
    </datafield>
    <datafield ind1="0" ind2=" " tag="856">
      <subfield code="u">http://galenet.galegroup.com/servlet/Sabin?af=RN&amp;ae=CY112928265&amp;srchtp=a&amp;ste=14&amp;q=marriottlibrary</subfield>
      <subfield code="z">Full text online</subfield>
    </datafield>
  </record>
</recordData>
</record>