
<record>
<recordSchema>marcxml</recordSchema>
<recordPacking>xml</recordPacking>
<recordData>
<record xmlns="http://www.loc.gov/MARC21/slim">
    <leader>00000cam a2200000Ma 4500</leader>
    <controlfield tag="001">207903303</controlfield>
    <controlfield tag="008">830609s1743    pau           000 0 eng d</controlfield>
    <datafield ind1="1" ind2=" " tag="100">
      <subfield code="a">Tennent, Gilbert,</subfield>
      <subfield code="d">1703-1764.</subfield>
    </datafield>
    <datafield ind1="1" ind2="4" tag="245">
      <subfield code="a">The examiner, examined, or Gilbert Tennent, harmonious. :</subfield>
      <subfield code="b">In answer to a pamphlet entitled, The examiner, or Gilbert against Tennent. Being a vindication of the Rev. Gilbert Tennent and his associates, together with six Rev. ministers of Boston, from the unjust reflections cast upon them by the author of that anonymous pamphlet, together with some remarks upon the Querist's, the third part, and other of their performances. : The whole being an essay to vindicate the late glorious work of God's power and grace in these lands, from the unreasonable cavils and exceptions of said pamphlet, and others of like nature. : The whole essay is submitted to the decision of truth and common sense. /</subfield>
      <subfield code="c">By Gilbert Tennent, A.M. ; [Ten lines of Scripture texts].</subfield>
    </datafield>
    <datafield ind1=" " ind2=" " tag="260">
      <subfield code="a">Philadelphia: :</subfield>
      <subfield code="b">Printed and sold by William Bradford, at the Sign of the Bible in Second-Street.,</subfield>
      <subfield code="c">1743.</subfield>
    </datafield>
    <datafield ind1=" " ind2=" " tag="300">
      <subfield code="a">146, [2] p. ;</subfield>
      <subfield code="c">16 cm. (8vo)</subfield>
    </datafield>
    <datafield ind1=" " ind2=" " tag="500">
      <subfield code="a">Signatures: A-S⁴ T² (T2 verso blank).</subfield>
    </datafield>
    <datafield ind1=" " ind2=" " tag="500">
      <subfield code="a">Evans' entry for a 1743 Boston edition (Evans 5298) is based on an imperfect copy of the present edition.</subfield>
    </datafield>
    <datafield ind1=" " ind2=" " tag="500">
      <subfield code="a">"Errata."--Page [147].</subfield>
    </datafield>
    <datafield ind1="1" ind2="0" tag="600">
      <subfield code="a">Hancock, John,</subfield>
      <subfield code="d">1702-1744.</subfield>
      <subfield code="t">Examiner, or Gilbert against Tennent.</subfield>
    </datafield>
    <datafield ind1="1" ind2="0" tag="600">
      <subfield code="a">Tennent, Gilbert,</subfield>
      <subfield code="d">1703-1764.</subfield>
      <subfield code="t">Danger of an unconverted ministry.</subfield>
    </datafield>
    <datafield ind1="1" ind2="0" tag="600">
      <subfield code="a">Tennent, Gilbert,</subfield>
      <subfield code="d">1703-1764.</subfield>
      <subfield code="t">Necessity of holding fast the truth.</subfield>
    </datafield>
    <datafield ind1=" " ind2="0" tag="650">
      <subfield code="a">Moravians.</subfield>
    </datafield>
    <datafield ind1=" " ind2="7" tag="650">
      <subfield code="a">Moravians.</subfield>
      <subfield code="2">fast</subfield>
      <subfield code="0">(OCoLC)fst01026120</subfield>
    </datafield>
    <datafield ind1="1" ind2=" " tag="700">
      <subfield code="a">Bradford, William,</subfield>
      <subfield code="d">1719-1791,</subfield>
      <subfield code="e">printer.</subfield>
    </datafield>
  </record>
</recordData>
</record>