
<record>
<recordSchema>marcxml</recordSchema>
<recordPacking>xml</recordPacking>
<recordData>
<record xmlns="http://www.loc.gov/MARC21/slim">
    <leader>00000cam a2200000K  4500</leader>
    <controlfield tag="001">271216034</controlfield>
    <controlfield tag="008">081112s1878    miuac   o     000 0 eng d</controlfield>
    <datafield ind1="1" ind2=" " tag="100">
      <subfield code="a">Truth, Sojourner,</subfield>
      <subfield code="d">1799-1883,</subfield>
      <subfield code="e">author.</subfield>
    </datafield>
    <datafield ind1="1" ind2="0" tag="245">
      <subfield code="a">Narrative of Sojourner Truth</subfield>
      <subfield code="b">a bonds-woman of olden time.</subfield>
    </datafield>
    <datafield ind1=" " ind2=" " tag="260">
      <subfield code="a">Battle Creek, Mich.,</subfield>
      <subfield code="b">for the author,</subfield>
      <subfield code="c">1878.</subfield>
    </datafield>
    <datafield ind1=" " ind2=" " tag="300">
      <subfield code="a">1 online resource (320 pages)</subfield>
      <subfield code="b">frontispiece (portrait) illustrations</subfield>
    </datafield>
    <datafield ind1=" " ind2=" " tag="500">
      <subfield code="a">Narrative of Sojourner Truth, by Olive Gilbert. Book of life, by Frances W. Titus.</subfield>
    </datafield>
    <datafield ind1=" " ind2=" " tag="500">
      <subfield code="a">CVV, p. 279.</subfield>
    </datafield>
    <datafield ind1="1" ind2="0" tag="600">
      <subfield code="a">Truth, Sojourner,</subfield>
      <subfield code="d">1799-1883.</subfield>
    </datafield>
    <datafield ind1="1" ind2="7" tag="600">
      <subfield code="a">Truth, Sojourner,</subfield>
      <subfield code="d">1799-1883</subfield>
      <subfield code="2">fast</subfield>
      <subfield code="0">(OCoLC)fst01851782</subfield>
    </datafield>
    <datafield ind1="1" ind2=" " tag="700">
      <subfield code="a">Gilbert, Olive,</subfield>
      <subfield code="e">editor.</subfield>
    </datafield>
    <datafield ind1="1" ind2=" " tag="700">
      <subfield code="a">Titus, Frances W.,</subfield>
      <subfield code="e">editor.</subfield>
    </datafield>
    <datafield ind1="4" ind2="0" tag="856">
      <subfield code="3">Internet Archive</subfield>
      <subfield code="u">https://archive.org/details/narrativeofsojourner00gilb</subfield>
    </datafield>
  </record>
</recordData>
</record>