
<record>
<recordSchema>marcxml</recordSchema>
<recordPacking>xml</recordPacking>
<recordData>
<record xmlns="http://www.loc.gov/MARC21/slim">
    <leader>00000cam a22000001a 4500</leader>
    <controlfield tag="001">9339189</controlfield>
    <controlfield tag="008">830323s1910    nyu           000 0 eng  </controlfield>
    <datafield ind1=" " ind2=" " tag="010">
      <subfield code="a">   10020165 </subfield>
    </datafield>
    <datafield ind1="1" ind2=" " tag="100">
      <subfield code="a">Stoner, J. Rush,</subfield>
      <subfield code="d">1875-</subfield>
    </datafield>
    <datafield ind1="1" ind2="0" tag="245">
      <subfield code="a">Logic and imagination in the perception of truth :</subfield>
      <subfield code="b">the nature of pure activity in two series, book I and book II /</subfield>
      <subfield code="c">by J. Rush Stoner.</subfield>
    </datafield>
    <datafield ind1=" " ind2=" " tag="260">
      <subfield code="a">New York :</subfield>
      <subfield code="b">Cochrane Publishing Company,</subfield>
      <subfield code="c">1910.</subfield>
    </datafield>
    <datafield ind1=" " ind2=" " tag="300">
      <subfield code="a">383 p. ;</subfield>
      <subfield code="c">20 cm.</subfield>
    </datafield>
    <datafield ind1=" " ind2="0" tag="650">
      <subfield code="a">Truth.</subfield>
    </datafield>
    <datafield ind1=" " ind2="0" tag="650">
      <subfield code="a">Knowledge, Theory of.</subfield>
    </datafield>
    <datafield ind1=" " ind2="0" tag="650">
      <subfield code="a">Religion.</subfield>
    </datafield>
    <datafield ind1=" " ind2="7" tag="650">
      <subfield code="a">Knowledge, Theory of.</subfield>
      <subfield code="2">fast</subfield>
      <subfield code="0">(OCoLC)fst00988194</subfield>
    </datafield>
    <datafield ind1=" " ind2="7" tag="650">
      <subfield code="a">Religion.</subfield>
      <subfield code="2">fast</subfield>
      <subfield code="0">(OCoLC)fst01093763</subfield>
    </datafield>
    <datafield ind1=" " ind2="7" tag="650">
      <subfield code="a">Truth.</subfield>
      <subfield code="2">fast</subfield>
      <subfield code="0">(OCoLC)fst01158235</subfield>
    </datafield>
    <datafield ind1="4" ind2="1" tag="856">
      <subfield code="u">http://hdl.loc.gov/loc.gdc/scd0001.00131927861</subfield>
    </datafield>
  </record>
</recordData>
</record>