
<record>
<recordSchema>marcxml</recordSchema>
<recordPacking>xml</recordPacking>
<recordData>
<record xmlns="http://www.loc.gov/MARC21/slim">
    <leader>00000cam a2200000Mu 4500</leader>
    <controlfield tag="001">1064133662</controlfield>
    <controlfield tag="008">150731s1881    xx      o     000 0 eng d</controlfield>
    <datafield ind1="1" ind2=" " tag="100">
      <subfield code="a">Gilbert, Olive.</subfield>
    </datafield>
    <datafield ind1="1" ind2="0" tag="240">
      <subfield code="a">Narrative of Sojourner Truth (Online)</subfield>
    </datafield>
    <datafield ind1="1" ind2="0" tag="245">
      <subfield code="a">Narrative of Sojourner Truth :</subfield>
      <subfield code="b">a bonds-woman of olden time, emancipated by the New York Legislature in the early part of the present century : with a history of her labors and correspondence drawn from her "Book of life". /</subfield>
      <subfield code="c">Gilbert, Olive.</subfield>
    </datafield>
    <datafield ind1=" " ind2=" " tag="260">
      <subfield code="a">[Place of publication not identified]</subfield>
      <subfield code="b">[publisher not identified]</subfield>
      <subfield code="c">1881.</subfield>
    </datafield>
    <datafield ind1=" " ind2=" " tag="300">
      <subfield code="a">1 online resource</subfield>
    </datafield>
    <datafield ind1=" " ind2=" " tag="500">
      <subfield code="a">Title from content provider.</subfield>
    </datafield>
    <datafield ind1="1" ind2="0" tag="600">
      <subfield code="a">Truth, Sojourner,</subfield>
      <subfield code="d">1799-1883.</subfield>
    </datafield>
    <datafield ind1="1" ind2="7" tag="600">
      <subfield code="a">Truth, Sojourner,</subfield>
      <subfield code="d">1799-1883.</subfield>
      <subfield code="2">fast</subfield>
      <subfield code="0">(OCoLC)fst01851782</subfield>
    </datafield>
    <datafield ind1=" " ind2="0" tag="655">
      <subfield code="a">Electronic book.</subfield>
    </datafield>
    <datafield ind1="2" ind2=" " tag="710">
      <subfield code="a">Gale.</subfield>
    </datafield>
    <datafield ind1="4" ind2="0" tag="856">
      <subfield code="z">VIEW FULL TEXT</subfield>
      <subfield code="u">http://VH7QX3XE2P.search.serialssolutions.com/?V=1.0&amp;L=VH7QX3XE2P&amp;S=AC_T_B&amp;C=Narrative%20of%20Sojourner%20Truth%20:%20a%20bonds-woman%20of%20olden%20time%2C%20emancipated%20by%20the%20New%20York%20Legislature%20in%20the%20early%20part%20of%20the%20present%20century%20:%20with%20a%20history%20of%20her%20labors%20and%20correspondence%20drawn%20from%20her%20%22Book%20of%20life%22.&amp;T=marc&amp;tab=BOOKS</subfield>
    </datafield>
  </record>
</recordData>
</record>