
<record>
<recordSchema>marcxml</recordSchema>
<recordPacking>xml</recordPacking>
<recordData>
<record xmlns="http://www.loc.gov/MARC21/slim">
    <leader>00000cam a2200000Ma 4500</leader>
    <controlfield tag="001">765810706</controlfield>
    <controlfield tag="008">070731s1827    pau     ob    000 i eng d</controlfield>
    <datafield ind1="1" ind2=" " tag="100">
      <subfield code="a">De Lancey, William Heathcote,</subfield>
      <subfield code="d">1797-1865.</subfield>
    </datafield>
    <datafield ind1="1" ind2="0" tag="245">
      <subfield code="a">Three letters :</subfield>
      <subfield code="b">one to the Committee of Correspondence, one to "Plain Truth, Junior" and one to "Plain fact" : in support of the "Candid address" to the Episcopalians of Pennsylvania on the affairs of the Diocese /</subfield>
      <subfield code="c">by Plain truth [i.e. William Heathcote De Lancey].</subfield>
    </datafield>
    <datafield ind1=" " ind2=" " tag="260">
      <subfield code="a">[Pennsylvania] :</subfield>
      <subfield code="b">[publisher not identified],</subfield>
      <subfield code="c">1827.</subfield>
    </datafield>
    <datafield ind1=" " ind2=" " tag="300">
      <subfield code="a">1 online resource (55 pages)</subfield>
    </datafield>
    <datafield ind1=" " ind2=" " tag="500">
      <subfield code="a">Attributed to William Heathcote De Lancey.</subfield>
    </datafield>
    <datafield ind1=" " ind2=" " tag="500">
      <subfield code="a">The Committee of Correspondence was composed of Rev. George Boyd, the Rev. G.T. Bedell, the Rev. Charles M. Dupuy, Mr. Joseph S. Riley and Mr. Samuel J. Robbins.</subfield>
    </datafield>
    <datafield ind1=" " ind2=" " tag="500">
      <subfield code="a">Reproduction of original from The American Antiquarian Society.</subfield>
    </datafield>
    <datafield ind1="0" ind2="0" tag="600">
      <subfield code="a">Plain fact.</subfield>
      <subfield code="t">Prove all things; hold fast to that which is good.</subfield>
    </datafield>
    <datafield ind1="0" ind2="0" tag="600">
      <subfield code="a">Plain Truth,</subfield>
      <subfield code="c">Junior.</subfield>
      <subfield code="t">Another candid address to the Episcopalians of Pennsylvania.</subfield>
    </datafield>
    <datafield ind1="1" ind2="0" tag="600">
      <subfield code="a">De Lancey, William Heathcote,</subfield>
      <subfield code="d">1797-1865.</subfield>
      <subfield code="t">Candid address to the Episcopalians of Pennsylvania.</subfield>
    </datafield>
    <datafield ind1="2" ind2="0" tag="610">
      <subfield code="a">Episcopal Church.</subfield>
      <subfield code="b">Diocese of Pennsylvania.</subfield>
    </datafield>
    <datafield ind1="2" ind2="0" tag="610">
      <subfield code="a">Episcopal Church</subfield>
      <subfield code="v">Controversial literature.</subfield>
    </datafield>
    <datafield ind1="2" ind2="7" tag="610">
      <subfield code="a">Episcopal Church.</subfield>
      <subfield code="2">fast</subfield>
      <subfield code="0">(OCoLC)fst00533119</subfield>
    </datafield>
    <datafield ind1="2" ind2="7" tag="610">
      <subfield code="a">Episcopal Church.</subfield>
      <subfield code="b">Diocese of Pennsylvania.</subfield>
      <subfield code="2">fast</subfield>
      <subfield code="0">(OCoLC)fst00561796</subfield>
    </datafield>
    <datafield ind1=" " ind2="7" tag="655">
      <subfield code="a">Controversial literature.</subfield>
      <subfield code="2">fast</subfield>
      <subfield code="0">(OCoLC)fst01423907</subfield>
    </datafield>
    <datafield ind1="4" ind2="0" tag="856">
      <subfield code="u">http://galenet.galegroup.com/servlet/Sabin?af=RN&amp;ae=CY110706822&amp;srchtp=a&amp;ste=14</subfield>
      <subfield code="z">Full text online</subfield>
    </datafield>
    <datafield ind1="4" ind2="0" tag="856">
      <subfield code="u">http://digital.library.pitt.edu/cgi-bin/t/text/text-idx?c=darltext;view=toc;idno=31735054848126</subfield>
    </datafield>
    <datafield ind1="0" ind2=" " tag="856">
      <subfield code="u">http://galenet.galegroup.com/servlet/Sabin?af=RN&amp;ae=CY110706822&amp;srchtp=a&amp;ste=14&amp;q=marriottlibrary</subfield>
      <subfield code="z">Full text online</subfield>
    </datafield>
    <datafield ind1="0" ind2=" " tag="856">
      <subfield code="u">http://www.library.yorku.ca/e/resolver/id/2318251</subfield>
      <subfield code="z">Full text online</subfield>
    </datafield>
  </record>
</recordData>
</record>