
<record>
<recordSchema>marcxml</recordSchema>
<recordPacking>xml</recordPacking>
<recordData>
<record xmlns="http://www.loc.gov/MARC21/slim">
    <leader>00000cam a2200000Ma 4500</leader>
    <controlfield tag="001">976705195</controlfield>
    <controlfield tag="008">851223s1792    scu     b     000 0 eng d</controlfield>
    <datafield ind1="1" ind2=" " tag="100">
      <subfield code="a">Hammet, William,</subfield>
      <subfield code="d">-1803.</subfield>
    </datafield>
    <datafield ind1="1" ind2="2" tag="245">
      <subfield code="a">A rejoindre [sic] :</subfield>
      <subfield code="b">being a defence of the truths contained in An appeal to truth and circumstances; : in seven letters, addressed to the Reverend Mr. Morrell. /</subfield>
      <subfield code="c">By the author of the Appeal.</subfield>
    </datafield>
    <datafield ind1=" " ind2=" " tag="260">
      <subfield code="a">Charleston [S.C.]: :</subfield>
      <subfield code="b">Printed by I. Silliman, no. 38. Bay,</subfield>
      <subfield code="c">M, DCC, XCII. [1792]</subfield>
    </datafield>
    <datafield ind1=" " ind2=" " tag="300">
      <subfield code="a">iii, [2], 6-29, 5 p. ;</subfield>
      <subfield code="c">20 cm. (8vo)</subfield>
    </datafield>
    <datafield ind1=" " ind2=" " tag="500">
      <subfield code="a">Relates to a controversy in the Methodist Episcopal Church, being the second of William Hammet's replies to Thomas Morrell's Truth discovered.</subfield>
    </datafield>
    <datafield ind1=" " ind2=" " tag="500">
      <subfield code="a">Signed on p. 29: Wm. Hammet.</subfield>
    </datafield>
    <datafield ind1=" " ind2=" " tag="500">
      <subfield code="a">"An appendix. To the ministers of the Methodist Episcopal Church."--5 p. at end, signed: W.H.</subfield>
    </datafield>
    <datafield ind1="1" ind2="0" tag="600">
      <subfield code="a">Morrell, Thomas,</subfield>
      <subfield code="d">1747-1838.</subfield>
      <subfield code="t">Truth discovered.</subfield>
    </datafield>
    <datafield ind1="2" ind2="0" tag="610">
      <subfield code="a">Methodist Episcopal Church</subfield>
      <subfield code="x">Controversial literature.</subfield>
    </datafield>
    <datafield ind1="2" ind2="7" tag="610">
      <subfield code="a">Methodist Episcopal Church.</subfield>
      <subfield code="2">fast</subfield>
      <subfield code="0">(OCoLC)fst00541689</subfield>
    </datafield>
    <datafield ind1=" " ind2="7" tag="655">
      <subfield code="a">Controversial literature.</subfield>
      <subfield code="2">fast</subfield>
      <subfield code="0">(OCoLC)fst01423907</subfield>
    </datafield>
    <datafield ind1="4" ind2="1" tag="856">
      <subfield code="u">http://link.library.utoronto.ca/eir/EIRdetail.cfm?Resources__ID=203669&amp;T=F</subfield>
    </datafield>
  </record>
</recordData>
</record>