
<record>
<recordSchema>marcxml</recordSchema>
<recordPacking>xml</recordPacking>
<recordData>
<record xmlns="http://www.loc.gov/MARC21/slim">
    <leader>00000cam a2200000Ma 4500</leader>
    <controlfield tag="001">977361108</controlfield>
    <controlfield tag="008">860930s1686    mau     b     000 0 eng d</controlfield>
    <datafield ind1="1" ind2=" " tag="100">
      <subfield code="a">Willard, Samuel,</subfield>
      <subfield code="d">1640-1707.</subfield>
    </datafield>
    <datafield ind1="1" ind2="0" tag="245">
      <subfield code="a">Heavenly merchandize; or The purchasing of truth recommended and the selling of it disswaded :</subfield>
      <subfield code="b">as it was delivered in several sermons upon Prov. 23. 23. /</subfield>
      <subfield code="c">By Samuel Willard, teacher of a church in Boston. ; [Three lines of Scripture text].</subfield>
    </datafield>
    <datafield ind1=" " ind2=" " tag="260">
      <subfield code="a">Boston, in New-England :</subfield>
      <subfield code="b">Printed by Samuel Green and are to be sold by Joseph Brunning, at his shop, at the corner of the Prison Lane next the Town House.,</subfield>
      <subfield code="c">Anno. 1686.</subfield>
    </datafield>
    <datafield ind1=" " ind2=" " tag="300">
      <subfield code="a">[6], 171, [3] p. ;</subfield>
      <subfield code="c">15 cm. (8vo)</subfield>
    </datafield>
    <datafield ind1=" " ind2=" " tag="500">
      <subfield code="a">Running title: By the truth, and sell it not.</subfield>
    </datafield>
    <datafield ind1=" " ind2=" " tag="500">
      <subfield code="a">Half-title wanting?</subfield>
    </datafield>
    <datafield ind1=" " ind2=" " tag="500">
      <subfield code="a">Bookseller's advertisements, p. [172-173].</subfield>
    </datafield>
    <datafield ind1=" " ind2=" " tag="500">
      <subfield code="a">Errata statement, p. [173].</subfield>
    </datafield>
    <datafield ind1=" " ind2="0" tag="650">
      <subfield code="a">Truth</subfield>
      <subfield code="x">Religious aspects</subfield>
      <subfield code="x">Christianity.</subfield>
    </datafield>
    <datafield ind1=" " ind2="7" tag="655">
      <subfield code="a">Sermons</subfield>
      <subfield code="y">1686.</subfield>
      <subfield code="2">rbgenr</subfield>
    </datafield>
    <datafield ind1=" " ind2="7" tag="655">
      <subfield code="a">Booksellers' advertisements</subfield>
      <subfield code="z">Massachusetts</subfield>
      <subfield code="z">Boston.</subfield>
      <subfield code="2">rbgenr</subfield>
    </datafield>
    <datafield ind1=" " ind2="7" tag="650">
      <subfield code="a">Truth</subfield>
      <subfield code="x">Religious aspects</subfield>
      <subfield code="x">Christianity.</subfield>
      <subfield code="2">fast</subfield>
      <subfield code="0">(OCoLC)fst01158248</subfield>
    </datafield>
    <datafield ind1="0" ind2=" " tag="740">
      <subfield code="a">Purchasing of truth recommended.</subfield>
    </datafield>
    <datafield ind1="0" ind2=" " tag="740">
      <subfield code="a">Buy the truth, and sell it not.</subfield>
    </datafield>
    <datafield ind1="4" ind2="1" tag="856">
      <subfield code="u">http://link.library.utoronto.ca/eir/EIRdetail.cfm?Resources__ID=197233&amp;T=F</subfield>
    </datafield>
  </record>
</recordData>
</record>