
<record>
<recordSchema>marcxml</recordSchema>
<recordPacking>xml</recordPacking>
<recordData>
<record xmlns="http://www.loc.gov/MARC21/slim">
    <leader>00000cam a2200000Ma 4500</leader>
    <controlfield tag="001">976554713</controlfield>
    <controlfield tag="008">860828s1764    pau     b     000 0 eng d</controlfield>
    <datafield ind1="0" ind2=" " tag="100">
      <subfield code="a">Philadelphiensis.</subfield>
    </datafield>
    <datafield ind1="1" ind2="0" tag="245">
      <subfield code="a">Remarks on The Quaker unmask'd; or Plain truth found to be plain falshood [sic] :</subfield>
      <subfield code="b">humbly address'd to the candid. : [Four lines from Pope; one line motto].</subfield>
    </datafield>
    <datafield ind1=" " ind2=" " tag="260">
      <subfield code="a">Philadelphia: :</subfield>
      <subfield code="b">Printed and sold by John Morris, opposite the Three Reapers in Third-Street.,</subfield>
      <subfield code="c">[1764]</subfield>
    </datafield>
    <datafield ind1=" " ind2=" " tag="300">
      <subfield code="a">8 p. ;</subfield>
      <subfield code="c">(8vo)</subfield>
    </datafield>
    <datafield ind1=" " ind2=" " tag="500">
      <subfield code="a">Signed on p. 8: Philadelphiensis. Market-Street, March 16, 1764.</subfield>
    </datafield>
    <datafield ind1="1" ind2="0" tag="600">
      <subfield code="a">Dove, David James,</subfield>
      <subfield code="d">1696?-1769.</subfield>
      <subfield code="t">Quaker unmask'd : or Plain truth.</subfield>
    </datafield>
    <datafield ind1=" " ind2="0" tag="650">
      <subfield code="a">Society of Friends</subfield>
      <subfield code="x">Controversial literature.</subfield>
    </datafield>
    <datafield ind1=" " ind2="7" tag="650">
      <subfield code="a">Society of Friends.</subfield>
      <subfield code="2">fast</subfield>
      <subfield code="0">(OCoLC)fst01123801</subfield>
    </datafield>
    <datafield ind1=" " ind2="7" tag="655">
      <subfield code="a">Controversial literature.</subfield>
      <subfield code="2">fast</subfield>
      <subfield code="0">(OCoLC)fst01423907</subfield>
    </datafield>
    <datafield ind1="4" ind2="1" tag="856">
      <subfield code="u">http://link.library.utoronto.ca/eir/EIRdetail.cfm?Resources__ID=192485&amp;T=F</subfield>
    </datafield>
  </record>
</recordData>
</record>