
<record>
<recordSchema>marcxml</recordSchema>
<recordPacking>xml</recordPacking>
<recordData>
<record xmlns="http://www.loc.gov/MARC21/slim">
    <leader>00000cmm a2200000Mc 4500</leader>
    <controlfield tag="001">838901293</controlfield>
    <controlfield tag="008">071206s1645    xxk     o  u        eng d</controlfield>
    <datafield ind1="1" ind2=" " tag="100">
      <subfield code="a">Goodwin, John</subfield>
      <subfield code="d">1594-1665</subfield>
    </datafield>
    <datafield ind1="1" ind2="0" tag="245">
      <subfield code="a">Calumny arraign'd and cast, or, A briefe answer to some extravagant and rank passages, lately fallen from the pen of William Prynne, Esquire in a late discourse entituled, Truth triumphing over falshood, &amp;c against Mr. John Goodwin, minister of the gospel :</subfield>
      <subfield code="b">wherein the loyall, unfeigned and unstained affection of the said John Goodwin to the Parliament and civill magistracie is irrefragably and fully vindicated and asserted against those broad and unchristian imputations most untruly suggested in the said discourse against him /</subfield>
      <subfield code="c">by the said John Goodvvin</subfield>
    </datafield>
    <datafield ind1="3" ind2=" " tag="246">
      <subfield code="a">Briefe answer to some extravagant and rank passages, from the pen of William Prynne</subfield>
    </datafield>
    <datafield ind1="3" ind2=" " tag="246">
      <subfield code="a">Calumny arraign'd and cast</subfield>
    </datafield>
    <datafield ind1="3" ind2=" " tag="260">
      <subfield code="a">London</subfield>
      <subfield code="b">Printed by M. Simmons for Henry Overton</subfield>
      <subfield code="c">1645</subfield>
    </datafield>
    <datafield ind1=" " ind2=" " tag="300">
      <subfield code="a">Online-Ressource.</subfield>
    </datafield>
    <datafield ind1=" " ind2=" " tag="500">
      <subfield code="a">McAlpin Coll, II 348</subfield>
    </datafield>
    <datafield ind1=" " ind2=" " tag="500">
      <subfield code="a">Reproduction of original in Thomason Collection, British Library</subfield>
    </datafield>
    <datafield ind1=" " ind2=" " tag="500">
      <subfield code="a">Wing, G1153</subfield>
    </datafield>
    <datafield ind1="1" ind2="0" tag="600">
      <subfield code="a">Prynne, William,</subfield>
      <subfield code="d">1600-1669.</subfield>
      <subfield code="t">Truth triumphing over falshood, antiquity over novelty.</subfield>
    </datafield>
    <datafield ind1=" " ind2="0" tag="650">
      <subfield code="a">Puritans</subfield>
      <subfield code="v">Controversial literature.</subfield>
    </datafield>
    <datafield ind1=" " ind2="7" tag="650">
      <subfield code="a">Puritans</subfield>
      <subfield code="2">fast</subfield>
      <subfield code="0">(OCoLC)fst01084357</subfield>
    </datafield>
    <datafield ind1=" " ind2="7" tag="655">
      <subfield code="a">Controversial literature</subfield>
      <subfield code="2">fast</subfield>
      <subfield code="0">(OCoLC)fst01423907</subfield>
    </datafield>
    <datafield ind1="4" ind2="0" tag="856">
      <subfield code="u">http://gateway.proquest.com/openurl?ctx_ver=Z39.88-2003&amp;res_id=xri:eebo&amp;rft_val_fmt=&amp;rft_id=xri:eebo:image:52208</subfield>
    </datafield>
  </record>
</recordData>
</record>