
<record>
<recordSchema>marcxml</recordSchema>
<recordPacking>xml</recordPacking>
<recordData>
<record xmlns="http://www.loc.gov/MARC21/slim">
    <leader>00000cam a2200000Ma 4500</leader>
    <controlfield tag="001">1066849931</controlfield>
    <controlfield tag="008">941209s1700    enk     a     000 0 eng d</controlfield>
    <datafield ind1="1" ind2=" " tag="100">
      <subfield code="a">Beckham, Edward,</subfield>
      <subfield code="d">1637 or 1638-1714.</subfield>
    </datafield>
    <datafield ind1="1" ind2="4" tag="245">
      <subfield code="a">The principles of the Quakers further shewn to be blasphemous and seditious :</subfield>
      <subfield code="b">in a reply to Geo. Whitehead's answer to the Brief discovery, stiled Truth and innocency vindicated /</subfield>
      <subfield code="c">by Edward Beckham ..., Henry Meriton ..., Lancaster Topcliffe ...</subfield>
    </datafield>
    <datafield ind1=" " ind2=" " tag="260">
      <subfield code="a">London :</subfield>
      <subfield code="b">Printed for Brabazon Aylmer ...,</subfield>
      <subfield code="c">1700.</subfield>
    </datafield>
    <datafield ind1=" " ind2=" " tag="300">
      <subfield code="a">viii, 100 pages</subfield>
    </datafield>
    <datafield ind1=" " ind2=" " tag="500">
      <subfield code="a">Contains numerous errors in paging.</subfield>
    </datafield>
    <datafield ind1=" " ind2=" " tag="500">
      <subfield code="a">Reproduction of original in the British Library.</subfield>
    </datafield>
    <datafield ind1="1" ind2="0" tag="600">
      <subfield code="a">Whitehead, George,</subfield>
      <subfield code="d">1636?-1723.</subfield>
      <subfield code="t">Truth and innocency vindicated.</subfield>
    </datafield>
    <datafield ind1=" " ind2="0" tag="650">
      <subfield code="a">Society of Friends</subfield>
      <subfield code="x">Controversial literature.</subfield>
    </datafield>
    <datafield ind1=" " ind2="7" tag="650">
      <subfield code="a">Society of Friends.</subfield>
      <subfield code="2">fast</subfield>
      <subfield code="0">(OCoLC)fst01123801</subfield>
    </datafield>
    <datafield ind1=" " ind2="7" tag="655">
      <subfield code="a">Controversial literature.</subfield>
      <subfield code="2">fast</subfield>
      <subfield code="0">(OCoLC)fst01423907</subfield>
    </datafield>
    <datafield ind1="1" ind2=" " tag="700">
      <subfield code="a">Topcliffe, Lancaster,</subfield>
      <subfield code="d">1646 or 1647-1720.</subfield>
    </datafield>
    <datafield ind1="1" ind2=" " tag="700">
      <subfield code="a">Meriton, Henry,</subfield>
      <subfield code="d">-1707.</subfield>
    </datafield>
    <datafield ind1="4" ind2=" " tag="856">
      <subfield code="u">http://wwwlib.umi.com/eebo/image/102072</subfield>
    </datafield>
  </record>
</recordData>
</record>