
<record>
<recordSchema>marcxml</recordSchema>
<recordPacking>xml</recordPacking>
<recordData>
<record xmlns="http://www.loc.gov/MARC21/slim">
    <leader>00000cam a2200000K  4500</leader>
    <controlfield tag="001">24612833</controlfield>
    <controlfield tag="008">911024s1736    enk           000 0 eng d</controlfield>
    <datafield ind1="1" ind2=" " tag="100">
      <subfield code="a">Gill, John,</subfield>
      <subfield code="d">1697-1771.</subfield>
    </datafield>
    <datafield ind1="1" ind2="0" tag="245">
      <subfield code="a">Truth defended;</subfield>
      <subfield code="b">being an answer to an anonymous pamphlet intitled Some doctrines in the superlapsarian scheme impartially examined by the word of God.</subfield>
    </datafield>
    <datafield ind1=" " ind2=" " tag="260">
      <subfield code="a">London,</subfield>
      <subfield code="b">Printed for Aaron Ward,</subfield>
      <subfield code="c">1736.</subfield>
    </datafield>
    <datafield ind1=" " ind2=" " tag="300">
      <subfield code="a">98 pages</subfield>
      <subfield code="c">22 cm</subfield>
    </datafield>
    <datafield ind1="1" ind2="0" tag="600">
      <subfield code="a">Burt, John,</subfield>
      <subfield code="c">of Warwick.</subfield>
      <subfield code="t">Some doctrines in the superlapsarian scheme impartially examined by the word of God.</subfield>
    </datafield>
    <datafield ind1=" " ind2="0" tag="650">
      <subfield code="a">Truth</subfield>
      <subfield code="x">Religious aspects</subfield>
      <subfield code="x">Christianity.</subfield>
    </datafield>
    <datafield ind1=" " ind2="0" tag="650">
      <subfield code="a">Election (Theology)</subfield>
    </datafield>
    <datafield ind1=" " ind2="0" tag="650">
      <subfield code="a">Justification (Christian theology)</subfield>
      <subfield code="v">Early works to 1800.</subfield>
    </datafield>
    <datafield ind1=" " ind2="7" tag="650">
      <subfield code="a">Election (Theology)</subfield>
      <subfield code="2">fast</subfield>
      <subfield code="0">(OCoLC)fst00904285</subfield>
    </datafield>
    <datafield ind1=" " ind2="7" tag="650">
      <subfield code="a">Justification (Christian theology)</subfield>
      <subfield code="2">fast</subfield>
      <subfield code="0">(OCoLC)fst00985240</subfield>
    </datafield>
    <datafield ind1=" " ind2="7" tag="650">
      <subfield code="a">Truth</subfield>
      <subfield code="x">Religious aspects</subfield>
      <subfield code="x">Christianity.</subfield>
      <subfield code="2">fast</subfield>
      <subfield code="0">(OCoLC)fst01158248</subfield>
    </datafield>
    <datafield ind1=" " ind2="7" tag="655">
      <subfield code="a">Early works.</subfield>
      <subfield code="2">fast</subfield>
      <subfield code="0">(OCoLC)fst01411636</subfield>
    </datafield>
  </record>
</recordData>
</record>