
<record>
<recordSchema>marcxml</recordSchema>
<recordPacking>xml</recordPacking>
<recordData>
<record xmlns="http://www.loc.gov/MARC21/slim">
    <leader>00000cam a2200000Ma 4500</leader>
    <controlfield tag="001">702355161</controlfield>
    <controlfield tag="008">910610s1678    enk           001 0 eng d</controlfield>
    <datafield ind1="1" ind2=" " tag="100">
      <subfield code="a">Comber, Thomas,</subfield>
      <subfield code="d">1645-1699.</subfield>
    </datafield>
    <datafield ind1="1" ind2="0" tag="245">
      <subfield code="a">Christianity no enthusiasm, or, The several kinds of inspirations and revelations pretended to by the Quakers tried, and found destructive to holy Scripture and true religion :</subfield>
      <subfield code="b">in answer to Thomas Ellwood's defence thereof, in his tract, miscalled Truth prevailing, &amp;c. ...</subfield>
    </datafield>
    <datafield ind1="3" ind2=" " tag="246">
      <subfield code="a">Christianity no enthusiasm</subfield>
    </datafield>
    <datafield ind1="3" ind2=" " tag="246">
      <subfield code="a">Several kinds of inspirations and revelations pretended to by the Quakers</subfield>
    </datafield>
    <datafield ind1=" " ind2=" " tag="260">
      <subfield code="a">London :</subfield>
      <subfield code="b">Printed by T.D. for H. Brome,</subfield>
      <subfield code="c">1678.</subfield>
    </datafield>
    <datafield ind1=" " ind2=" " tag="300">
      <subfield code="a">19 preliminary leaves, 191 pages, 3 leaves ;</subfield>
      <subfield code="c">19 cm</subfield>
    </datafield>
    <datafield ind1=" " ind2=" " tag="500">
      <subfield code="a">Signatures: A8a8b3B-N8O3.</subfield>
    </datafield>
    <datafield ind1="1" ind2="0" tag="600">
      <subfield code="a">Ellwood, Thomas,</subfield>
      <subfield code="d">1639-1713.</subfield>
      <subfield code="t">Truth prevailing and detecting error.</subfield>
    </datafield>
    <datafield ind1="2" ind2="0" tag="610">
      <subfield code="a">Society of Friends</subfield>
      <subfield code="v">Controversial literature.</subfield>
    </datafield>
    <datafield ind1=" " ind2="0" tag="650">
      <subfield code="a">Enthusiasm.</subfield>
    </datafield>
    <datafield ind1=" " ind2="7" tag="650">
      <subfield code="a">Enthusiasm.</subfield>
      <subfield code="2">fast</subfield>
      <subfield code="0">(OCoLC)fst00912699</subfield>
    </datafield>
    <datafield ind1=" " ind2="7" tag="655">
      <subfield code="a">Controversial literature.</subfield>
      <subfield code="2">fast</subfield>
      <subfield code="0">(OCoLC)fst01423907</subfield>
    </datafield>
  </record>
</recordData>
</record>