
<record>
<recordSchema>marcxml</recordSchema>
<recordPacking>xml</recordPacking>
<recordData>
<record xmlns="http://www.loc.gov/MARC21/slim">
    <leader>00000cam a2200000Ia 4500</leader>
    <controlfield tag="001">12610284</controlfield>
    <controlfield tag="008">850927s1664    enk     a     000 0 eng d</controlfield>
    <datafield ind1="1" ind2=" " tag="100">
      <subfield code="a">Chillingworth, William,</subfield>
      <subfield code="d">1602-1644.</subfield>
    </datafield>
    <datafield ind1="1" ind2="4" tag="245">
      <subfield code="a">The religion of Protestants a safe way to salvation, or, An answer to a book entituled, Mercy and truth, or, Charity maintain'd by Catholiques, which pretends to prove the contrary :</subfield>
      <subfield code="b">to which is added in this third impression The apostolical institution of episcopacy : as also IX sermons ... /</subfield>
      <subfield code="c">by William Chillingworth ...</subfield>
    </datafield>
    <datafield ind1="3" ind2=" " tag="246">
      <subfield code="a">Answer to a book entituled, Mercy and truth</subfield>
    </datafield>
    <datafield ind1="3" ind2=" " tag="246">
      <subfield code="a">Apostolical institution of episcopacy</subfield>
    </datafield>
    <datafield ind1="3" ind2=" " tag="246">
      <subfield code="a">IX sermons</subfield>
    </datafield>
    <datafield ind1="3" ind2=" " tag="246">
      <subfield code="a">Nine sermons</subfield>
    </datafield>
    <datafield ind1=" " ind2=" " tag="260">
      <subfield code="a">London :</subfield>
      <subfield code="b">Printed by E. Cotes for J. Clark, and are to be sold by Thomas Thornicroft ...,</subfield>
      <subfield code="c">1664.</subfield>
    </datafield>
    <datafield ind1=" " ind2=" " tag="300">
      <subfield code="a">[34], 369, [3], 5, [5], 150, [1] pages</subfield>
    </datafield>
    <datafield ind1=" " ind2=" " tag="500">
      <subfield code="a">"The apostolical institution of episcopacy" and "Nine sermons" have special title pages.</subfield>
    </datafield>
    <datafield ind1=" " ind2=" " tag="500">
      <subfield code="a">An answer to Edward Knott, pseudonym of Matthew Wilson.</subfield>
    </datafield>
    <datafield ind1=" " ind2=" " tag="500">
      <subfield code="a">Errata on p. 150 at end.</subfield>
    </datafield>
    <datafield ind1=" " ind2=" " tag="500">
      <subfield code="a">Reproduction of original in Princeton Theological Seminary Library.</subfield>
    </datafield>
    <datafield ind1=" " ind2=" " tag="500">
      <subfield code="a">Marginal notes.</subfield>
    </datafield>
    <datafield ind1="1" ind2="0" tag="600">
      <subfield code="a">Knott, Edward,</subfield>
      <subfield code="d">1582-1656.</subfield>
      <subfield code="t">Mercy and truth.</subfield>
    </datafield>
    <datafield ind1="2" ind2="0" tag="610">
      <subfield code="a">Catholic Church</subfield>
      <subfield code="v">Controversial literature.</subfield>
    </datafield>
    <datafield ind1="2" ind2="7" tag="610">
      <subfield code="a">Catholic Church.</subfield>
      <subfield code="2">fast</subfield>
      <subfield code="0">(OCoLC)fst00531720</subfield>
    </datafield>
    <datafield ind1=" " ind2="0" tag="650">
      <subfield code="a">Protestantism</subfield>
      <subfield code="v">Early works to 1800.</subfield>
    </datafield>
    <datafield ind1=" " ind2="0" tag="650">
      <subfield code="a">Episcopacy</subfield>
      <subfield code="v">Early works to 1800.</subfield>
    </datafield>
    <datafield ind1=" " ind2="0" tag="650">
      <subfield code="a">Sermons, English</subfield>
      <subfield code="y">17th century.</subfield>
    </datafield>
    <datafield ind1=" " ind2="7" tag="650">
      <subfield code="a">Episcopacy.</subfield>
      <subfield code="2">fast</subfield>
      <subfield code="0">(OCoLC)fst00914292</subfield>
    </datafield>
    <datafield ind1=" " ind2="7" tag="650">
      <subfield code="a">Protestantism.</subfield>
      <subfield code="2">fast</subfield>
      <subfield code="0">(OCoLC)fst01079920</subfield>
    </datafield>
    <datafield ind1=" " ind2="7" tag="650">
      <subfield code="a">Sermons, English.</subfield>
      <subfield code="2">fast</subfield>
      <subfield code="0">(OCoLC)fst01113250</subfield>
    </datafield>
    <datafield ind1=" " ind2="7" tag="655">
      <subfield code="a">Controversial literature.</subfield>
      <subfield code="2">fast</subfield>
      <subfield code="0">(OCoLC)fst01423907</subfield>
    </datafield>
    <datafield ind1=" " ind2="7" tag="655">
      <subfield code="a">Early works.</subfield>
      <subfield code="2">fast</subfield>
      <subfield code="0">(OCoLC)fst01411636</subfield>
    </datafield>
    <datafield ind1="1" ind2="2" tag="700">
      <subfield code="a">Chillingworth, William,</subfield>
      <subfield code="d">1602-1644.</subfield>
      <subfield code="t">Apostolical institution of episcopacy.</subfield>
    </datafield>
    <datafield ind1="1" ind2="2" tag="700">
      <subfield code="a">Chillingworth, William,</subfield>
      <subfield code="d">1602-1644.</subfield>
      <subfield code="t">Sermons.</subfield>
      <subfield code="k">Selections.</subfield>
    </datafield>
    <datafield ind1="4" ind2="1" tag="856">
      <subfield code="z">Full text available as part of Early English books online (EEBO):</subfield>
      <subfield code="u">http://gateway.proquest.com/openurl?ctx_ver=Z39.88-2003&amp;res_id=xri:eebo&amp;rft_val_fmt=&amp;rft_id=xri:eebo:image:64345</subfield>
      <subfield code="z">Rutgers restricted</subfield>
    </datafield>
    <datafield ind1="4" ind2=" " tag="856">
      <subfield code="u">http://proxy.lib.utk.edu:90/login?url=http://wwwlib.umi.com/eebo/image/64345</subfield>
    </datafield>
  </record>
</recordData>
</record>