
<record>
<recordSchema>marcxml</recordSchema>
<recordPacking>xml</recordPacking>
<recordData>
<record xmlns="http://www.loc.gov/MARC21/slim">
    <leader>00000cam a2200000Mi 4500</leader>
    <controlfield tag="001">84762188</controlfield>
    <controlfield tag="008">920303s1610    enk           000 0 eng d</controlfield>
    <datafield ind1="1" ind2=" " tag="100">
      <subfield code="a">Price, Daniel,</subfield>
      <subfield code="d">1581-1631.</subfield>
    </datafield>
    <datafield ind1="1" ind2="4" tag="245">
      <subfield code="a">The defence of truth against a booke falsely called The triumph of truth sent over from Arras A.D. 1609. By Humfrey Leech late minister.</subfield>
      <subfield code="b">Which booke in all particulars is answered, and the adioining motiues of his revolt confuted: by Daniell Price, of Exeter Colledge in Oxford, chaplaine in ordinary to the most high and mighty, the Prince of Wales.</subfield>
    </datafield>
    <datafield ind1=" " ind2=" " tag="260">
      <subfield code="a">At Oxford :</subfield>
      <subfield code="b">Printed by Joseph Barnes,</subfield>
      <subfield code="c">1610.</subfield>
    </datafield>
    <datafield ind1=" " ind2=" " tag="300">
      <subfield code="a">[4], 379, [1] p. ;</subfield>
      <subfield code="c">(4to)</subfield>
    </datafield>
    <datafield ind1=" " ind2=" " tag="500">
      <subfield code="a">A reprinting of and reply to: Leech, Humphrey. A triumph of truth.</subfield>
    </datafield>
    <datafield ind1=" " ind2=" " tag="500">
      <subfield code="a">With a dedication to Henry Frederick, Prince of Wales. Variant: dedication is to Thomas Egerton, Baron Ellesmere.</subfield>
    </datafield>
    <datafield ind1=" " ind2=" " tag="500">
      <subfield code="a">Signatures: pi² A-3A⁴ 3B².</subfield>
    </datafield>
    <datafield ind1="1" ind2="0" tag="600">
      <subfield code="a">Leech, Humphrey,</subfield>
      <subfield code="d">1571-1629.</subfield>
      <subfield code="t">Triumph of truth</subfield>
      <subfield code="x">Controversial literature</subfield>
      <subfield code="v">Early works to 1800.</subfield>
    </datafield>
    <datafield ind1="2" ind2="0" tag="610">
      <subfield code="a">Catholic Church</subfield>
      <subfield code="x">Controversial literature</subfield>
      <subfield code="v">Early works to 1800.</subfield>
    </datafield>
    <datafield ind1="2" ind2="7" tag="610">
      <subfield code="a">Catholic Church.</subfield>
      <subfield code="2">fast</subfield>
      <subfield code="0">(OCoLC)fst00531720</subfield>
    </datafield>
    <datafield ind1=" " ind2="0" tag="650">
      <subfield code="a">Evangelical counsels</subfield>
      <subfield code="v">Early works to 1800.</subfield>
    </datafield>
    <datafield ind1=" " ind2="7" tag="650">
      <subfield code="a">Controversial literature.</subfield>
      <subfield code="2">fast</subfield>
      <subfield code="0">(OCoLC)fst01352540</subfield>
    </datafield>
    <datafield ind1=" " ind2="7" tag="650">
      <subfield code="a">Evangelical counsels.</subfield>
      <subfield code="2">fast</subfield>
      <subfield code="0">(OCoLC)fst00917000</subfield>
    </datafield>
    <datafield ind1=" " ind2="7" tag="655">
      <subfield code="a">Early works.</subfield>
      <subfield code="2">fast</subfield>
      <subfield code="0">(OCoLC)fst01411636</subfield>
    </datafield>
    <datafield ind1="1" ind2=" " tag="700">
      <subfield code="a">Leech, Humphrey,</subfield>
      <subfield code="d">1571-1629.</subfield>
      <subfield code="t">Triumph of truth.</subfield>
    </datafield>
    <datafield ind1="0" ind2=" " tag="730">
      <subfield code="a">Triumph of truth.</subfield>
    </datafield>
  </record>
</recordData>
</record>