
<record>
<recordSchema>marcxml</recordSchema>
<recordPacking>xml</recordPacking>
<recordData>
<record xmlns="http://www.loc.gov/MARC21/slim">
    <leader>00000cam a2200000Ma 4500</leader>
    <controlfield tag="001">801391281</controlfield>
    <controlfield tag="008">850613s1682    enk     a     000 0 eng d</controlfield>
    <datafield ind1="0" ind2="0" tag="245">
      <subfield code="a">Two choice and useful treatises :</subfield>
      <subfield code="b">the one, Lux orientalis, or, An enquiry into the opinion of the Eastern sages concerning the praeexistence of souls, being a key to unlock the grand mysteries of providence in relation to mans sin and misery : the other, A discourse of truth /</subfield>
      <subfield code="c">by the late Reverend Dr. Rust ... ; with annotations on them both.</subfield>
    </datafield>
    <datafield ind1=" " ind2=" " tag="260">
      <subfield code="a">London :</subfield>
      <subfield code="b">Printed for James Collins and Sam. Lowndes ...,</subfield>
      <subfield code="c">1682.</subfield>
    </datafield>
    <datafield ind1=" " ind2=" " tag="300">
      <subfield code="a">[47], 195, [7], 171, [6], 173-276, [4] pages</subfield>
    </datafield>
    <datafield ind1=" " ind2=" " tag="500">
      <subfield code="a">"Lux orientalis, or, An enquiry into the opinion of the Eastern sages ...," "Annotations upon the two foregoing treatises ... / by one not unexercized in these kinds of speculation [i.e. Henry More]" and "Annotations upon the Discourse of truth : into which is inserted by way of digression a brief return to Mr. Baxter's reply, which he calls a placid collation with the learned Dr. Henry More ... : whereunto is annexed a devotional hymn / translated for the use of sincere lovers of true piety, 1683" all have separate t.p.'s.</subfield>
    </datafield>
    <datafield ind1=" " ind2=" " tag="500">
      <subfield code="a">Advertisements on p. [1-3] at end.</subfield>
    </datafield>
    <datafield ind1=" " ind2=" " tag="500">
      <subfield code="a">Errata: p. [47] at beginning.</subfield>
    </datafield>
    <datafield ind1=" " ind2=" " tag="500">
      <subfield code="a">Imperfect: copy at reel 844:3 incompletely filmed.</subfield>
    </datafield>
    <datafield ind1=" " ind2=" " tag="500">
      <subfield code="a">Lux orientalis is by Joseph Glanvill. Cf. Wing.</subfield>
    </datafield>
    <datafield ind1=" " ind2=" " tag="500">
      <subfield code="a">Reproduction of originals in British Library and University of Illinois (Urbana-Champaign Campus). Library.</subfield>
    </datafield>
    <datafield ind1=" " ind2=" " tag="500">
      <subfield code="a">This work appears at reel 71:2 as Wing 833, and at reel 844:3 as Wing G815.</subfield>
    </datafield>
    <datafield ind1="0" ind2=" " tag="505">
      <subfield code="a">Lux orientalis, or, An enquiry into the opinion of the Eastern sages -- Annotations upon the two foregoing treatises / by one not unexercized in these kinds of speculation [i.e. Henry More] -- Annotations upon the Discourse of truth : into which is inserted by way of digression a brief return to Mr. Baxter's reply, which he calls a placid collation with the learned Dr. Henry More -- A devotional hymn / translated for the use of sincere lovers of true piety.</subfield>
    </datafield>
    <datafield ind1="1" ind2="0" tag="600">
      <subfield code="a">Baxter, Richard,</subfield>
      <subfield code="d">1615-1691.</subfield>
      <subfield code="t">Of the immortality of a mans soul and the nature of it and other spirits.</subfield>
    </datafield>
    <datafield ind1="1" ind2="0" tag="600">
      <subfield code="a">Glanvill, Joseph,</subfield>
      <subfield code="d">1636-1680.</subfield>
      <subfield code="t">Lux orientalis.</subfield>
    </datafield>
    <datafield ind1="1" ind2="0" tag="600">
      <subfield code="a">More, Henry,</subfield>
      <subfield code="d">1614-1687.</subfield>
    </datafield>
    <datafield ind1="1" ind2="0" tag="600">
      <subfield code="a">Rust, George,</subfield>
      <subfield code="d">-1670.</subfield>
      <subfield code="t">Discourse of truth.</subfield>
    </datafield>
    <datafield ind1="1" ind2="7" tag="600">
      <subfield code="a">More, Henry,</subfield>
      <subfield code="d">1614-1687.</subfield>
      <subfield code="2">fast</subfield>
      <subfield code="0">(OCoLC)fst00113931</subfield>
    </datafield>
    <datafield ind1="0" ind2="7" tag="630">
      <subfield code="a">Lux orientalis (Glanvill, Joseph)</subfield>
      <subfield code="2">fast</subfield>
      <subfield code="0">(OCoLC)fst01365844</subfield>
    </datafield>
    <datafield ind1=" " ind2="0" tag="650">
      <subfield code="a">Pre-existence</subfield>
      <subfield code="v">Early works to 1800.</subfield>
    </datafield>
    <datafield ind1=" " ind2="0" tag="650">
      <subfield code="a">Truth</subfield>
      <subfield code="v">Early works to 1800.</subfield>
    </datafield>
    <datafield ind1=" " ind2="0" tag="650">
      <subfield code="a">Soul</subfield>
      <subfield code="v">Early works to 1800.</subfield>
    </datafield>
    <datafield ind1=" " ind2="0" tag="650">
      <subfield code="a">Providence and government of God</subfield>
      <subfield code="v">Early works to 1800.</subfield>
    </datafield>
    <datafield ind1=" " ind2="7" tag="650">
      <subfield code="a">Pre-existence.</subfield>
      <subfield code="2">fast</subfield>
      <subfield code="0">(OCoLC)fst01074784</subfield>
    </datafield>
    <datafield ind1=" " ind2="7" tag="650">
      <subfield code="a">Providence and government of God.</subfield>
      <subfield code="2">fast</subfield>
      <subfield code="0">(OCoLC)fst01080657</subfield>
    </datafield>
    <datafield ind1=" " ind2="7" tag="650">
      <subfield code="a">Soul.</subfield>
      <subfield code="2">fast</subfield>
      <subfield code="0">(OCoLC)fst01432098</subfield>
    </datafield>
    <datafield ind1=" " ind2="7" tag="650">
      <subfield code="a">Truth.</subfield>
      <subfield code="2">fast</subfield>
      <subfield code="0">(OCoLC)fst01158235</subfield>
    </datafield>
    <datafield ind1=" " ind2="7" tag="655">
      <subfield code="a">Early works.</subfield>
      <subfield code="2">fast</subfield>
      <subfield code="0">(OCoLC)fst01411636</subfield>
    </datafield>
    <datafield ind1="1" ind2=" " tag="700">
      <subfield code="a">Glanvill, Joseph,</subfield>
      <subfield code="d">1636-1680.</subfield>
      <subfield code="t">Lux orientalis.</subfield>
    </datafield>
    <datafield ind1="1" ind2="2" tag="700">
      <subfield code="a">More, Henry,</subfield>
      <subfield code="d">1614-1687.</subfield>
      <subfield code="t">Annotations upon the two foregoing treatises.</subfield>
    </datafield>
    <datafield ind1="1" ind2="2" tag="700">
      <subfield code="a">Rust, George,</subfield>
      <subfield code="d">-1670.</subfield>
      <subfield code="t">Discourse of truth.</subfield>
    </datafield>
    <datafield ind1="0" ind2=" " tag="740">
      <subfield code="a">Discourse of truth.</subfield>
    </datafield>
    <datafield ind1="0" ind2=" " tag="740">
      <subfield code="a">Enquiry into the opinion of the eastern sages concerning the præexistence of souls.</subfield>
    </datafield>
    <datafield ind1="0" ind2=" " tag="740">
      <subfield code="a">Lux orientalis.</subfield>
    </datafield>
    <datafield ind1="4" ind2="0" tag="856">
      <subfield code="u">http://hdl.library.upenn.edu/1017.12/271734</subfield>
      <subfield code="z">Connect to full text</subfield>
    </datafield>
    <datafield ind1="4" ind2="0" tag="856">
      <subfield code="u">http://hdl.library.upenn.edu/1017.12/271735</subfield>
      <subfield code="z">Connect to full text</subfield>
    </datafield>
  </record>
</recordData>
</record>