
<record>
<recordSchema>marcxml</recordSchema>
<recordPacking>xml</recordPacking>
<recordData>
<record xmlns="http://www.loc.gov/MARC21/slim">
    <leader>00000cam a2200000Mi 4500</leader>
    <controlfield tag="001">61372574</controlfield>
    <controlfield tag="008">850506s1645    enk     a     000 0 eng d</controlfield>
    <datafield ind1="1" ind2=" " tag="100">
      <subfield code="a">Goodwin, John,</subfield>
      <subfield code="d">1594?-1665.</subfield>
    </datafield>
    <datafield ind1="1" ind2="0" tag="245">
      <subfield code="a">Calumny arraign'd and cast. Or A briefe answer to some extravagant and rank passages, lately fallen from the pen of William Prynne, Esquire :</subfield>
      <subfield code="b">in a late discourse, entituled, Truth triumphing over falshood, &amp;c. against Mr John Goodwin, Minister of the Gospel. Wherein the loyall, unfeigned and unstained affection of the said John Goodwin to the Parliament, and civill magistracie, is irrefragably and fully vindicated and asserted against those broad and unchristian imputations, most untruly suggested in the said discourse against him. By the said John Goodvvin. Licensed entered and printed according to order.</subfield>
    </datafield>
    <datafield ind1="3" ind2=" " tag="246">
      <subfield code="a">Briefe answer to some extravagant and rank passages, from the pen of William Prynne</subfield>
    </datafield>
    <datafield ind1=" " ind2=" " tag="260">
      <subfield code="a">London :</subfield>
      <subfield code="b">Printed by M. Simmons for Henry Overton, and are to be sold at his shop in Popes-head-Alley,</subfield>
      <subfield code="c">1645.</subfield>
    </datafield>
    <datafield ind1=" " ind2=" " tag="300">
      <subfield code="a">[8], 55, [1] pages</subfield>
    </datafield>
    <datafield ind1=" " ind2=" " tag="500">
      <subfield code="a">Initial leaf is blank.</subfield>
    </datafield>
    <datafield ind1=" " ind2=" " tag="500">
      <subfield code="a">Annotation on Thomason copy: "Jan: 31st"; the 5 in imprint date is crossed out and altered to 1644.</subfield>
    </datafield>
    <datafield ind1=" " ind2=" " tag="500">
      <subfield code="a">Reproduction of the original in the British Library.</subfield>
    </datafield>
    <datafield ind1="1" ind2="0" tag="600">
      <subfield code="a">Prynne, William,</subfield>
      <subfield code="d">1600-1669.</subfield>
      <subfield code="t">Truth triumphing over falshood, antiquity over novelty.</subfield>
    </datafield>
    <datafield ind1=" " ind2="0" tag="650">
      <subfield code="a">Puritans</subfield>
      <subfield code="v">Controversial literature</subfield>
      <subfield code="v">Early works to 1800.</subfield>
    </datafield>
    <datafield ind1=" " ind2="7" tag="650">
      <subfield code="a">Puritans.</subfield>
      <subfield code="2">fast</subfield>
      <subfield code="0">(OCoLC)fst01084357</subfield>
    </datafield>
    <datafield ind1=" " ind2="7" tag="655">
      <subfield code="a">Controversial literature.</subfield>
      <subfield code="2">fast</subfield>
      <subfield code="0">(OCoLC)fst01423907</subfield>
    </datafield>
    <datafield ind1=" " ind2="7" tag="655">
      <subfield code="a">Early works.</subfield>
      <subfield code="2">fast</subfield>
      <subfield code="0">(OCoLC)fst01411636</subfield>
    </datafield>
    <datafield ind1="4" ind2="1" tag="856">
      <subfield code="u">http://gateway.proquest.com/openurl?ctx_ver=Z39.88-2003&amp;res_id=xri:eebo&amp;rft_val_fmt=&amp;rft_id=xri:eebo:image:111442</subfield>
      <subfield code="z">Access restricted to Rutgers University faculty, staff and students</subfield>
    </datafield>
    <datafield ind1="4" ind2=" " tag="856">
      <subfield code="u">http://proxy.lib.utk.edu:90/login?url=http://gateway.proquest.com/openurl?ctx_ver=Z39.88-2003&amp;res_id=xri:eebo&amp;rft_val_fmt=&amp;rft_id=xri:eebo:image:111442</subfield>
    </datafield>
  </record>
</recordData>
</record>