
<record>
<recordSchema>marcxml</recordSchema>
<recordPacking>xml</recordPacking>
<recordData>
<record xmlns="http://www.loc.gov/MARC21/slim">
    <leader>00000cmm a2200000Mc 4500</leader>
    <controlfield tag="001">837331231</controlfield>
    <controlfield tag="008">071206s1638    xxk     o  u        eng d</controlfield>
    <datafield ind1="1" ind2=" " tag="100">
      <subfield code="a">Chillingworth, William</subfield>
      <subfield code="d">1602-1644</subfield>
    </datafield>
    <datafield ind1="1" ind2="4" tag="245">
      <subfield code="a">The religion of protestants a safe way to salvation. Or An ansvver to a booke entitled Mercy and truth, or charitie maintain'd by Catholiques: which pretends to prove the contrary. By William Chillingworth Master of Arts of the Universitie of Oxford</subfield>
    </datafield>
    <datafield ind1="3" ind2=" " tag="246">
      <subfield code="a">Answer to a booke entitled Mercy and truth, or charitie maintain'd by Catholiques: which pretends to prove the contrary</subfield>
    </datafield>
    <datafield ind1="3" ind2=" " tag="246">
      <subfield code="a">Religion of protestants a safe way to salvation</subfield>
    </datafield>
    <datafield ind1="3" ind2=" " tag="246">
      <subfield code="a">Religion of protestants a safe way to salvation. Or An answer to a booke entitled Mercy and truth, or charitie maintain'd by Catholiques: which pretends to prove the contrary</subfield>
    </datafield>
    <datafield ind1=" " ind2=" " tag="250">
      <subfield code="a">The second edition</subfield>
    </datafield>
    <datafield ind1="3" ind2=" " tag="260">
      <subfield code="a">London</subfield>
      <subfield code="b">Printed [by Miles Flesher] for Iohn Clark, and are to be sold at his shop under S. Peters Church in Cornhill</subfield>
      <subfield code="c">[Anno salutis MDCXXXVIII. [1638]</subfield>
    </datafield>
    <datafield ind1=" " ind2=" " tag="300">
      <subfield code="a">Online-Ressource.</subfield>
    </datafield>
    <datafield ind1=" " ind2=" " tag="500">
      <subfield code="a">Printer's name from STC</subfield>
    </datafield>
    <datafield ind1=" " ind2=" " tag="500">
      <subfield code="a">Reproduction of the original in the Union Theological Seminary (New York, N.Y.). Library</subfield>
    </datafield>
    <datafield ind1=" " ind2=" " tag="500">
      <subfield code="a">STC (2nd ed.), 5139</subfield>
    </datafield>
    <datafield ind1="1" ind2="0" tag="600">
      <subfield code="a">Knott, Edward1582-1656</subfield>
      <subfield code="t">Direction to be observed by N.N. if hee meane to proceede in answering the booke intituled Mercy and truth, or charity mainteined by Catholiks &amp;c</subfield>
      <subfield code="v">Controversial literature</subfield>
    </datafield>
    <datafield ind1="1" ind2="0" tag="600">
      <subfield code="a">Knott, Edward1582-1656</subfield>
      <subfield code="t">Mercy and truth</subfield>
      <subfield code="v">Controversial literature</subfield>
    </datafield>
    <datafield ind1=" " ind2="0" tag="650">
      <subfield code="a">Protestantism</subfield>
      <subfield code="v">Apologetic works.</subfield>
    </datafield>
    <datafield ind1=" " ind2="7" tag="650">
      <subfield code="a">Protestantism</subfield>
      <subfield code="2">fast</subfield>
      <subfield code="0">(OCoLC)fst01079920</subfield>
    </datafield>
    <datafield ind1=" " ind2="7" tag="655">
      <subfield code="a">Apologetic writings</subfield>
      <subfield code="2">fast</subfield>
      <subfield code="0">(OCoLC)fst01423698</subfield>
    </datafield>
    <datafield ind1=" " ind2="7" tag="655">
      <subfield code="a">Controversial literature</subfield>
      <subfield code="2">fast</subfield>
      <subfield code="0">(OCoLC)fst01423907</subfield>
    </datafield>
    <datafield ind1="1" ind2=" " tag="700">
      <subfield code="a">Knott, Edward1582-1656</subfield>
    </datafield>
    <datafield ind1="4" ind2="0" tag="856">
      <subfield code="u">http://gateway.proquest.com/openurl?ctx_ver=Z39.88-2003&amp;res_id=xri:eebo&amp;rft_val_fmt=&amp;rft_id=xri:eebo:image:7618</subfield>
    </datafield>
  </record>
</recordData>
</record>