
<record>
<recordSchema>marcxml</recordSchema>
<recordPacking>xml</recordPacking>
<recordData>
<record xmlns="http://www.loc.gov/MARC21/slim">
    <leader>00000cam a2200000Ma 4500</leader>
    <controlfield tag="001">1049880384</controlfield>
    <controlfield tag="008">761007t18841875miuch   o     000 0beng d</controlfield>
    <datafield ind1=" " ind2=" " tag="010">
      <subfield code="z">   19007412 </subfield>
    </datafield>
    <datafield ind1="1" ind2=" " tag="100">
      <subfield code="a">Gilbert, Olive.</subfield>
    </datafield>
    <datafield ind1="1" ind2="0" tag="245">
      <subfield code="a">Narrative of Sojourner Truth :</subfield>
      <subfield code="b">a bondswoman of olden time, emancipated by the New York Legislature in the early part of the present century ; with a history of her labors and correspondence, drawn from her "Book of Life" ; also, a memorial chapter, giving the particulars of her last sickness and death.</subfield>
    </datafield>
    <datafield ind1="1" ind2="3" tag="246">
      <subfield code="a">Sojourner Truth's narrative and book of life</subfield>
    </datafield>
    <datafield ind1="1" ind2="8" tag="246">
      <subfield code="a">Sojourner Truth</subfield>
    </datafield>
    <datafield ind1=" " ind2=" " tag="260">
      <subfield code="a">Battle Creek, Mich. :</subfield>
      <subfield code="b">Review &amp; Herald Office,</subfield>
      <subfield code="c">1884, [c1875]</subfield>
    </datafield>
    <datafield ind1=" " ind2=" " tag="300">
      <subfield code="a">1 online resource (xii, 13-320, 32 pages :</subfield>
      <subfield code="b">frontis. (port.), facsims.)</subfield>
    </datafield>
    <datafield ind1=" " ind2=" " tag="500">
      <subfield code="a">Book, stamped cloth binding with gold lettering on spine and gold oval vignette of Truth on front cover; frontispiece.</subfield>
    </datafield>
    <datafield ind1=" " ind2=" " tag="500">
      <subfield code="a">Narrative of Sojourner Truth, by Olive Gilbert; Book of life, by Frances W. Titus.</subfield>
    </datafield>
    <datafield ind1=" " ind2=" " tag="500">
      <subfield code="a">"A Memorial Chapter": p. [1]-32; text enclosed in mourning border.</subfield>
    </datafield>
    <datafield ind1="1" ind2="0" tag="600">
      <subfield code="a">Truth, Sojourner,</subfield>
      <subfield code="d">1799-1883.</subfield>
    </datafield>
    <datafield ind1="1" ind2="7" tag="600">
      <subfield code="a">Truth, Sojourner,</subfield>
      <subfield code="d">1799-1883.</subfield>
      <subfield code="2">fast</subfield>
      <subfield code="0">(OCoLC)fst01851782</subfield>
    </datafield>
    <datafield ind1=" " ind2="0" tag="650">
      <subfield code="a">Abolitionists</subfield>
      <subfield code="z">United States</subfield>
      <subfield code="v">Biography.</subfield>
    </datafield>
    <datafield ind1=" " ind2="0" tag="650">
      <subfield code="a">Women abolitionists</subfield>
      <subfield code="z">United States</subfield>
      <subfield code="v">Biography.</subfield>
    </datafield>
    <datafield ind1=" " ind2="0" tag="650">
      <subfield code="a">African American abolitionists</subfield>
      <subfield code="v">Biography.</subfield>
    </datafield>
    <datafield ind1=" " ind2="0" tag="650">
      <subfield code="a">Social reformers</subfield>
      <subfield code="z">United States</subfield>
      <subfield code="v">Biography.</subfield>
    </datafield>
    <datafield ind1=" " ind2="0" tag="650">
      <subfield code="a">Women social reformers</subfield>
      <subfield code="v">Biography.</subfield>
    </datafield>
    <datafield ind1=" " ind2="0" tag="650">
      <subfield code="a">African Americans</subfield>
      <subfield code="v">Biography.</subfield>
    </datafield>
    <datafield ind1=" " ind2="0" tag="650">
      <subfield code="a">Women's rights.</subfield>
    </datafield>
    <datafield ind1=" " ind2="7" tag="650">
      <subfield code="a">Abolitionists.</subfield>
      <subfield code="2">fast</subfield>
      <subfield code="0">(OCoLC)fst00794478</subfield>
    </datafield>
    <datafield ind1=" " ind2="7" tag="650">
      <subfield code="a">African American abolitionists.</subfield>
      <subfield code="2">fast</subfield>
      <subfield code="0">(OCoLC)fst00798994</subfield>
    </datafield>
    <datafield ind1=" " ind2="7" tag="650">
      <subfield code="a">African Americans.</subfield>
      <subfield code="2">fast</subfield>
      <subfield code="0">(OCoLC)fst00799558</subfield>
    </datafield>
    <datafield ind1=" " ind2="7" tag="650">
      <subfield code="a">Social reformers.</subfield>
      <subfield code="2">fast</subfield>
      <subfield code="0">(OCoLC)fst01122841</subfield>
    </datafield>
    <datafield ind1=" " ind2="7" tag="650">
      <subfield code="a">Women abolitionists.</subfield>
      <subfield code="2">fast</subfield>
      <subfield code="0">(OCoLC)fst01177039</subfield>
    </datafield>
    <datafield ind1=" " ind2="7" tag="650">
      <subfield code="a">Women social reformers.</subfield>
      <subfield code="2">fast</subfield>
      <subfield code="0">(OCoLC)fst01178540</subfield>
    </datafield>
    <datafield ind1=" " ind2="7" tag="650">
      <subfield code="a">Women's rights.</subfield>
      <subfield code="2">fast</subfield>
      <subfield code="0">(OCoLC)fst01178818</subfield>
    </datafield>
    <datafield ind1=" " ind2="7" tag="651">
      <subfield code="a">United States.</subfield>
      <subfield code="2">fast</subfield>
      <subfield code="0">(OCoLC)fst01204155</subfield>
    </datafield>
    <datafield ind1=" " ind2="7" tag="655">
      <subfield code="a">Biographies.</subfield>
      <subfield code="2">fast</subfield>
      <subfield code="0">(OCoLC)fst01919896</subfield>
    </datafield>
    <datafield ind1="1" ind2=" " tag="700">
      <subfield code="a">Titus, Frances W.</subfield>
      <subfield code="t">Book of life.</subfield>
    </datafield>
    <datafield ind1="4" ind2="0" tag="856">
      <subfield code="u">https://archive.org/details/narrativeofsojou7232gilb</subfield>
      <subfield code="z">Free eBook from the Internet Archive</subfield>
    </datafield>
    <datafield ind1="4" ind2="2" tag="856">
      <subfield code="u">https://openlibrary.org/books/OL24989568M</subfield>
      <subfield code="z">Additional information and access via Open Library</subfield>
    </datafield>
  </record>
</recordData>
</record>