
<record>
<recordSchema>marcxml</recordSchema>
<recordPacking>xml</recordPacking>
<recordData>
<record xmlns="http://www.loc.gov/MARC21/slim">
    <leader>00000cam a2200000Mi 4500</leader>
    <controlfield tag="001">745143057</controlfield>
    <controlfield tag="008">791208s1769    enk     o     000 0 eng d</controlfield>
    <datafield ind1="1" ind2=" " tag="100">
      <subfield code="a">Johnson, John,</subfield>
      <subfield code="d">1706-1791.</subfield>
    </datafield>
    <datafield ind1="1" ind2="0" tag="245">
      <subfield code="a">Divine truth :</subfield>
      <subfield code="b">being a vindication of the three immutable attributes, perfections or properties of the true God: Viz. Essential Holiness, Universal Goodness, Sovereign Grace ; against the infernal demon, Who wills the Existence of Evil, Decrees Creatures to eternal Misery ; And cannot accomplish his own Designs, Without the Intervention of Sin. containing the Character of God, given in his word ; and the Character of God, given by men. With a revisal of the trial of th two opinions tried. By John Johnson.</subfield>
    </datafield>
    <datafield ind1=" " ind2=" " tag="260">
      <subfield code="a">London :</subfield>
      <subfield code="b">Printed for J. Johnson and J. Payne, in Pater-Noster-Row,</subfield>
      <subfield code="c">MDCCLXIX. [1769]</subfield>
    </datafield>
    <datafield ind1=" " ind2=" " tag="300">
      <subfield code="a">1 online resource (xii, 228 pages)</subfield>
    </datafield>
    <datafield ind1=" " ind2="0" tag="650">
      <subfield code="a">God</subfield>
      <subfield code="x">Proof from grades of perfection</subfield>
      <subfield code="v">Early works to 1800.</subfield>
    </datafield>
    <datafield ind1=" " ind2="0" tag="650">
      <subfield code="a">God (Christianity)</subfield>
      <subfield code="x">Attributes</subfield>
      <subfield code="v">Early works to 1800.</subfield>
    </datafield>
    <datafield ind1=" " ind2="0" tag="650">
      <subfield code="a">Truth</subfield>
      <subfield code="x">Religious aspects</subfield>
      <subfield code="x">Christianity</subfield>
      <subfield code="v">Early works to 1800.</subfield>
    </datafield>
    <datafield ind1=" " ind2="7" tag="650">
      <subfield code="a">God (Christianity)</subfield>
      <subfield code="x">Attributes.</subfield>
      <subfield code="2">fast</subfield>
      <subfield code="0">(OCoLC)fst01765755</subfield>
    </datafield>
    <datafield ind1=" " ind2="7" tag="650">
      <subfield code="a">God</subfield>
      <subfield code="x">Proof from grades of perfection.</subfield>
      <subfield code="2">fast</subfield>
      <subfield code="0">(OCoLC)fst00944103</subfield>
    </datafield>
    <datafield ind1=" " ind2="7" tag="650">
      <subfield code="a">Truth</subfield>
      <subfield code="x">Religious aspects</subfield>
      <subfield code="x">Christianity.</subfield>
      <subfield code="2">fast</subfield>
      <subfield code="0">(OCoLC)fst01158248</subfield>
    </datafield>
    <datafield ind1=" " ind2="7" tag="655">
      <subfield code="a">Early works.</subfield>
      <subfield code="2">fast</subfield>
      <subfield code="0">(OCoLC)fst01411636</subfield>
    </datafield>
    <datafield ind1="4" ind2="0" tag="856">
      <subfield code="u">http://find.galegroup.com/ecco/infomark.do?contentSet=ECCOArticles&amp;docType=ECCOArticles&amp;bookId=0575202100&amp;type=getFullCitation&amp;tabID=T001&amp;prodId=ECCO&amp;docLevel=TEXT_GRAPHICS&amp;version=1.0&amp;source=library&amp;userGroupName=uvictoria</subfield>
    </datafield>
    <datafield ind1="4" ind2="0" tag="856">
      <subfield code="u">http://find.galegroup.com/ecco/infomark.do?contentSet=ECCOArticles&amp;docType=ECCOArticles&amp;bookId=0575202100&amp;type=getFullCitation&amp;tabID=T001&amp;prodId=ECCO&amp;docLevel=TEXT_GRAPHICS&amp;version=1.0&amp;source=library</subfield>
      <subfield code="z">Full text online</subfield>
    </datafield>
    <datafield ind1="4" ind2="0" tag="856">
      <subfield code="u">http://find.galegroup.com/ecco/infomark.do?contentSet=ECCOArticles&amp;docType=ECCOArticles&amp;bookId=0575202100&amp;type=getFullCitation&amp;tabID=T001&amp;prodId=ECCO&amp;docLevel=TEXT_GRAPHICS&amp;version=1.0&amp;source=library&amp;userGroupName=aub</subfield>
      <subfield code="z">Click to connect to online resource</subfield>
    </datafield>
    <datafield ind1="4" ind2="0" tag="856">
      <subfield code="u">http://find.galegroup.com.ezproxy.aub.edu.lb/ecco/infomark.do?contentSet=ECCOArticles&amp;docType=ECCOArticles&amp;bookId=0575202100&amp;type=getFullCitation&amp;tabID=T001&amp;prodId=ECCO&amp;docLevel=TEXT_GRAPHICS&amp;version=1.0&amp;source=library&amp;userGroupName=aub</subfield>
      <subfield code="z">Click to connect to online resource (off-campus access)</subfield>
    </datafield>
  </record>
</recordData>
</record>
</records>
<nextRecordPosition>101</nextRecordPosition>
<resultSetIdleTime/>
<echoedSearchRetrieveRequest xmlns:srw="http://www.loc.gov/zing/srw/">
<version>1.1</version>
<query>srw.su = "truth" and srw.yr &amp;lt; "1923" and srw.la = "eng"</query>
<maximumRecords>50</maximumRecords>
<recordPacking>xml</recordPacking>
<startRecord>51</startRecord>
<sortKeys>relevance</sortKeys>
<wskey>{built-in-api-key}</wskey>
</echoedSearchRetrieveRequest>
</searchRetrieveResponse>
